2624 5176
380 810 869 879 testimonla<
1015 824 1018 831 '
1082 838 1136 879 cnr

10 1104 13 1117 Ι
63 1030 151 1115 peria
169 1028 296 1093 laetam.
338 1028 374 1091 ld
381 1050 423 1090 re
441 1049 518 1090 rera
536 1029 578 1089 ita
596 1029 678 1098 elle,
700 1025 776 1089 bine
790 1027 965 1115 affererare
981 1029 1042 1109 jam
1056 1030 1136 1093 nihil

63 1134 211 1219 prolecto
228 1135 352 1197 dubito.
395 1136 430 1196 Si
454 1155 608 1218 quaeras,
640 1132 767 1216 quando
789 1147 870 1195 tanta
890 1136 1022 1198 mutatio
1042 1136 1135 1219 operi

61 1240 167 1305 nellro
184 1240 363 1303 acciderit?
393 1241 514 1314 dicam,
536 1240 620 1301 band
642 1239 738 1303 dubie
762 1239 797 1300 id
820 1241 957 1303 erenille
975 1264 1055 1305 aevo
1077 1245 1135 1305 illo

63 1348 206 1421 infelici,
227 1360 262 1407 et
275 1344 377 1407 bonis*
392 1346 473 1407 adeo
495 1347 678 1410 auctoribus
695 1344 902 1430 inprospere,
938 1348 1026 1433 quod
1045 1370 1133 1412 eom·

62 1456 202 1516 teuniter
216 1453 331 1513 medient
347 1453 509 1535 appellare
525 1450 667 1515 historici
687 1454 811 1516 solent:
835 1474 916 1538 quo,
939 1456 993 1538 qui
1014 1455 1134 1517 litteris

61 1559 104 1623 ita
117 1558 332 1621 mediocriter
357 1560 449 1621 tiueti
475 1558 591 1631 efferat,
633 1560 722 1643 iique
746 1560 820 1623 saue
844 1584 937 1646 quam
953 1563 1065 1646 pauci,
1088 1563 1136 1624 nil

50 1681 191 1753 praeter
209 1663 369 1730 Chronica
390 1661 546 1745 saperent.
590 1666 625 1726 Si
643 1686 756 1749 rogeo,
779 1667 938 1749 quemodo
956 1668 1133 1753 acciderit?
1213 1710 1219 1723 ·

10 1830 12 1835 .
60 1770 290 1856 respondeam,
311 1770 429 1854 partim
446 1770 691 1854 chronologiae,
713 1774 766 1833 eui
782 1774 848 1834 illis
862 1772 1061 1856 temporibus
1078 1774 1134 1835 ad·
1205 1842 1208 1847 ,

61 1876 139 1940 dieti
160 1896 273 1939 ornnes
289 1876 406 1949 efferat,
430 1878 484 1960 qui
500 1878 646 1956 legerent
663 1878 783 1951 libros,
807 1881 926 1962 quique
942 1880 1132 1952 scriberent,-

61 1980 272 2045 inmoderato
289 2002 416 2053 autore,
438 2003 502 2064 quo
517 2006 573 2058 se,
595 1984 742 2067 quiaquia
758 1985 813 2045 ille
832 2000 922 2060 erat,
951 1987 1002 2045 eai
1024 1991 1133 2070 Nepo-
1219 2048 1226 2055 ,

60 2092 101 2153 tie
118 2089 175 2151 bie
198 2086 283 2149 liber
306 2086 497 2164 obvenerat,
530 2087 719 2151 laudabilem
746 2093 842 2151 etiam
860 2106 954 2175 atque
974 2091 1133 2155 eruditam

59 2215 193 2281 eperum
208 2194 243 2254 in
258 2194 519 2279 ael'uleepturum
535 2197 683 2280 putabat,
707 2196 829 2259 sititae
846 2198 884 2258 ad
902 2199 1131 2283 chronologiae

59 2300 164 2382 legem
179 2296 321 2382 appolile
338 2300 438 2383 magia
455 2300 659 2385 disponeret,
681 2304 796 2385 partim
812 2302 979 2366 inscientia
988 2305 1129 2379 artilieii,

60 2425 122 2489 qno
135 2418 252 2467 auctor
272 2405 308 2465 in
321 2406 376 2468 suo
393 2427 493 2490 opere
508 2407 674 2468 condendo
696 2409 770 2468 usna
792 2422 879 2480 erat,
899 2411 1049 2493 quodque
1068 2411 1129 2483 (se-

58 2511 204 2575 lieiffirno
220 2518 359 2591 eventu)
381 2513 467 2572 nulla
487 2532 672 2596 quacunque
690 2513 1129 2577 immutationeinduetaabo·

58 2620 117 2681 leri
129 2617 266 2703 prorsus
282 2633 418 2699 poterat.
461 2623 533 2680 Neu
559 2619 641 2678 enirn
658 2623 766 2701 Nepos
793 2622 826 2679 in
851 2620 902 2681 his
922 2623 1018 2694 vitis,
1041 2620 1130 2681 arida

58 2724 191 2808 quadam
209 2720 419 2806 posteriorum
436 2723 669 2786 Chronillarnm
691 2726 872 2808 diligentia,
896 2727 930 2787 id
946 2740 1073 2810 egerat,
1095 2739 1134 2787 ut

59 2830 198 2908 cujusvis
214 2830 419 2910 imperatoris
437 2829 519 2891 sacta
535 2845 566 2892 et
577 2852 682 2892 mores
698 2857 715 2892 a
732 2835 835 2915 prima
847 2833 1011 2912 juventute
1030 2833 1128 2895 adri·

10 3000 12 3012 ,
60 2950 104 2996 tae
119 2937 246 2997 exitum
264 2935 356 2994 anxia
378 2956 452 2995 eura
469 2937 508 2994 ad
525 2959 621 2997 annos
642 2937 826 3020 digereret;
849 2940 905 3000 sed
925 2939 1004 2999 illud
1019 2941 1128 3021 potius

10 3112 14 3125 Ι
61 3060 148 3103 corae
165 3040 325 3112 babebat,
347 3042 491 3122 deligere
508 3063 546 3101 ex
564 3042 945 3126 eujustJis'imperatorum
958 3047 1032 3117 vita,
1049 3065 1131 3126 quae

10 3220 18 3232 ,Ἰ
61 3149 95 3208 etl
112 3146 316 3233 propolitum
337 3149 421 3208 suum
447 3151 640 3233 pertinentia
661 3151 796 3210 maxime
822 3150 1047 3227 arbitraretur3
1080 3150 1129 3211 se·

61 3276 193 3339 gregare
217 3274 298 3316 vero
322 3267 415 3336 atque
444 3253 513 3314 (lata
537 3275 633 3337 opera
656 3256 795 3316 transire
818 3270 948 3327 cuncta,
985 3279 1065 3339 quae
1090 3256 1130 3319 ad

61 3384 121 3424 rem
137 3365 249 3424 mistus
266 3359 438 3420 neeellaria
459 3358 655 3420 riderentur.
699 3365 733 3421 ln
753 3362 808 3422 tali
825 3362 934 3422 labore
956 3382 1019 3422 non
1037 3378 1129 3446 pote-

10 3524 24 3542 ,
63 3486 104 3529 rat
120 3469 250 3531 auctori
278 3487 342 3526 non
371 3466 519 3549 praeberi
548 3467 757 3549 quandoque,
792 3480 858 3527 tum
885 3467 918 3526 iu
948 3448 1126 3541 ordiendis,

12 3636 25 3649 ,
63 3588 118 3635 tum
130 3578 165 3637 in
185 3572 339 3634 liniendis
361 3573 522 3633 nonnullis
540 3573 632 3646 ritis,
655 3588 721 3635 tum
736 3592 815 3633 vero
832 3572 1026 3654 inpartibus
1047 3595 1124 3656 ope-

10 3742 23 3753 ,
64 3683 100 3741 ria
117 3680 298 3761 majoribus
315 3681 399 3739 inter
417 3678 449 3740 se
466 3679 715 3748 connectendia,
739 3680 977 3760 opportunitas,
1002 3701 1062 3761 qua
1076 3701 1127 3739 ar·-

10 3848 20 3861 ,
64 3801 142 3869 repta
158 3788 298 3848 formam
314 3785 422 3867 operis
441 3784 764 3866 ador-nationemque,
788 3798 824 3845 ut
840 3805 908 3844 eam
921 3785 1014 3844 initio
1024 3799 1130 3846 mente

10 3918 16 3929 ·
63 3893 267 3975 euneepillet,
290 3891 620 3972 indiciis'quilmsdam
632 3891 783 3972 aperiret,
806 3891 1128 3974 consecutionernque

10 4061 15 4072 ,
63 4015 215 4060 tertarum
232 4000 380 4082 partium,
402 3996 551 4058 industria
572 3996 704 4080 quadam
735 3998 781 4058 sie
799 3997 1038 4082 compelitarum
1054 4018 1130 4080 pre·

10 4168 12 4178 ,
63 4104 156 4167 leret.
200 4104 327 4201 Quibus
347 4107 402 4166 ille
423 4104 546 4165 ordinis
565 4116 764 4186 permutator
780 4104 860 4165 nihil
876 4105 1042 4177 adversis,
1069 4104 1137 4165 dis·

64 4208 128 4283 iecit
150 4211 368 4293 incogitanter
389 4210 529 4271 membra
549 4211 696 4292 eorporis
727 4211 770 4270 ita
794 4210 948 4293 aptillime
974 4210 1062 4283 lieti,
1101 4223 1140 4271 ut

63 4317 120 4397 poll
138 4338 362 4401 quameunque
386 4319 478 4379 aliam
511 4317 625 4377 saetam
658 4316 916 4400 eompofitionem
937 4338 1002 4378 non
1028 4317 1132 4400 pollet

65 4443 118 4483 aon
133 4421 324 4486 monstruosi
343 4423 420 4507 quid
438 4423 537 4483 exire.
580 4424 620 4484 Ut
636 4425 737 4484 verbo
755 4424 867 4497 diearn,
891 4422 944 4484 illa
959 4437 1128 4483 metamor·

66 4528 159 4609 phosi,
181 4550 276 4614 quarn
291 4530 374 4591 liber
392 4529 445 4591 hic
456 4529 591 4612 Nepotis
606 4531 771 4612 perpelsus
787 4528 840 4601 eli,
863 4531 1044 4615 accepimus
1066 4547 1128 4586 aan-

66 4640 162 4695 uudem
178 4637 325 4723 quidem,
350 4659 442 4721 quam
458 4638 533 4701 aliut
551 4652 635 4707 erat,
655 4658 720 4697 nen
734 4640 813 4696 idem.
