2624 5176
406 444 411 459 ¹
1088 446 1096 469 t
1266 448 1276 467 e

1159 552 1162 560 .

139 790 246 888 uit
300 800 304 807 ·
411 782 712 867 conuna'u
753 798 1029 863 unrorrs

186 1025 258 1069 eum
287 1026 327 1067 eo
355 1006 468 1067 virere
507 1015 702 1074 consuerat,
751 999 902 1061 muliebri
932 1022 987 1062 sua
1015 1013 1107 1065 veste
1137 1010 1268 1058 contec-

187 1124 254 1172 tum
284 1108 424 1171 aedificii
452 1107 603 1189 incendio
632 1121 792 1168 mortuum
821 1096 992 1177 creiaavit,
1036 1102 1124 1190 quod
1154 1102 1194 1162 ad
1221 1102 1268 1162 vi·

186 1236 263 1277 vum
296 1214 547 1279 interimendum
582 1227 651 1274 erat
686 1219 912 1302 comparatum.
984 1212 1039 1274 sic
1080 1209 1267 1273 Alcibiades

187 1339 288 1384 annos
316 1319 449 1384 circiter
477 1317 684 1403 quadraginta
718 1306 809 1378 ustus
845 1314 932 1380 diem
960 1317 1043 1379 abiit
1070 1336 1266 1401 supremum.

188 1568 233 1604 ιι.
259 1554 297 1607 V.
317 1552 354 1605 Η.
380 1568 443 1626 cap.
462 1568 489 1617 7.
516 1556 595 1602 recte
614 1557 709 1601 tamen
744 1558 922 1603 omnesante
937 1547 1076 1615 Bosium,
1095 1546 1184 1601 etiam
1194 1545 1264 1602 eod.

189 1619 326 1673 observat
339 1620 415 1674 Plut.
433 1636 497 1672 eum
513 1617 568 1670 boc
581 1613 708 1668 ὀυκάπὸ
744 1616 800 1668 Ga.
816 1612 828 1680 ]

187 1687 284 1757 τρόπυ
299 1687 356 1741 sibi
370 1688 461 1741 risum
477 1687 531 1738 effe
541 1682 709 1738 diuident-
749 1676 754 1691 ¹
778 1681 926 1740 Muliebri
942 1701 998 1738 sua
1015 1680 1111 1806 uestes]
1130 1683 1155 1736 1.
1172 1681 1263 1754 epal-

187 1766 286 1809 temeu
301 1755 449 1818 omnibus,
468 1768 542 1826 quae
553 1750 588 1805 dc
604 1751 709 1806 caval·
743 1751 803 1814 lio,
822 1762 855 1806 ut
872 1755 913 1806 sit
929 1751 1031 1807 Cicero
1043 1770 1068 1805 s.
1110 1771 1126 1807 e
1140 1749 1262 1807 (linunt.

79 1859 84 1871 .
189 1835 331 1896 gaserant
343 1823 533 1877 Athenienses
549 1821 579 1874 iu
595 1829 709 1874 coatra-
744 1822 861 1893 cap.69.
878 1819 1013 1877 Valerius
1026 1821 1117 1874 sisar.
1131 1838 1156 1883 ι,
1172 1836 1198 1888 7.
1207 1825 1263 1874 ext.

128 1954 131 1958 ,
189 1891 235 1946 ria
248 1891 375 1964 partium
391 1890 479 1944 [ludia
495 1888 587 1953 suissi,
608 1898 637 1942 ct
654 1887 708 1940 on.
743 1905 770 1954 9.
798 1889 854 1968 Qui
878 1899 907 1942 et
934 1887 1097 1942 Alcibiadis
1120 1904 1155 1941 ea
1179 1887 1214 1940 de
1234 1902 1262 1940 rc

187 1965 244 2015 cuir
260 1954 320 2013 sirio'
337 1964 396 2013 τῶν
412 1959 537 2029 brureyo
553 1960 601 2011 uie
617 1972 709 2023 eapo-
744 1956 887 2010 somnium
899 1965 1037 2011 narrant:
1064 1954 1100 2009 de
1114 1970 1262 2029 quoprac·

185 2023 339 2099 ivr-limi
362 2026 496 2082 adversus
520 1975 710 2087 Alcibiadem,
744 2034 790 2077 ter
805 2041 839 2078 ea
853 2023 931 2110 apud
950 2022 1153 2081 Plutarchum
1162 2034 1191 2078 et
1200 2022 1262 2078 Sui

188 2107 221 2151 ut
231 2095 331 2150 verbis
345 2092 471 2150 Diodori
489 2093 548 2150 Sic.
565 2093 710 2147 Libras.
746 2091 819 2148 dem
830 2092 962 2166 legimus.
981 2093 1102 2149 Rosius.

190 2181 223 2219 ce
247 2165 301 2218 .5.
325 2171 408 2228 utar,
439 2180 499 2217 non
520 2161 559 2214 est
578 2157 712 2216 habende
779 2159 907 2234 (p.n5o.)
931 2163 1196 2219 Vestecontecturn
1208 2177 1261 2214 cre·

189 2232 278 2294 fies,
314 2230 390 2284 unde
413 2228 576 2302 prudenter
601 2226 712 2282 addidit
746 2229 858 2300 mouit]
885 2231 941 2287 Vel
964 2229 1043 2303 quod
1072 2227 1191 2293 nudus,
1219 2235 1262 2280 aut

158 2301 161 2306 ’
189 2302 304 2372 Nepos,
371 2297 400 2351 id
417 2297 452 2350 de
477 2314 512 2351 eo
528 2308 588 2353 tres
602 2296 711 2370 gravis·
746 2299 846 2353 saltem
861 2299 1005 2353 tunicatus
1021 2296 1262 2360 effettinsonitu

190 2367 255 2423 simi
295 2365 331 2421 Hi
355 2366 431 2421 orici
467 2365 562 2421 literis
596 2362 711 2417 manda·
746 2365 823 2418 enim
837 2367 966 2421 flammae
982 2363 1261 2439 expergefactumlc‘·

118 2477 136 2491 .,
190 2435 296 2490 verint.
747 2444 793 2488 cto
812 2451 982 2508 exsurgens,
999 2434 1261 2502 vestimentis,quae

316 2507 318 2510 ’
746 2504 777 2557 in
799 2504 962 2586 praesentis
983 2511 1081 2562 erent,
1122 2500 1261 2572 inignem

211 2614 213 2618 ,
228 2569 314 2646 Quae
336 2587 402 2626 cum
424 2589 459 2625 eo
481 2569 575 2626 vivere
592 2586 711 2624 consue·
747 2572 898 2639 conuectis,
915 2570 1056 2623 flammam
1071 2586 1127 2643 per
1145 2568 1262 2622 medinm

191 2635 295 2704 uerat]
322 2636 364 2691 To
385 2641 479 2693 uiuere
501 2637 639 2710 expungit
657 2636 710 2691 Ed.
747 2641 919 2706 evaserat)
943 2638 991 2692 iel
1012 2656 1046 2692 ex
1066 2638 1187 2710 antiqua
1203 2651 1260 2690 eon·

190 2706 294 2761 Ultra'.
309 2706 437 2778 probant
460 2724 495 2760 ue
518 2705 581 2790 poli
607 2703 712 2760 Sabot-
747 2708 899 2763 suetudine
926 2707 956 2760 in
980 2701 1135 2760 funeribus
1162 2715 1190 2757 ct
1207 2719 1261 2758 crc-

191 2780 256 2829 tum
295 2776 433 2830 escarius
468 2792 549 2846 rossp
570 2776 644 2828 usin
654 2773 712 2828 Po·
746 2776 858 2831 mandis
876 2773 1066 2829 cadaveribus
1082 2773 1261 2827 serrataso·

191 2840 299 2897 rarior.
309 2840 426 2898 literar.
438 2792 569 2917 Episttl.
580 2841 712 2896 ctBut'lt-
746 2844 845 2899 lebant
860 2859 984 2916 namque
1001 2841 1114 2913 antiqui
1127 2839 1262 2894 cadavera

190 2929 283 2966 nerus
307 2912 340 2966 in
363 2911 584 2968 accessionibus
604 2910 644 2966 od
662 2910 712 2965 Fa·
747 2928 889 2966 exornare
918 2909 1048 2984 pulchris
1071 2927 1108 2962 ue
1138 2910 1260 2982 integere

193 2977 291 3034 irum.
307 2978 711 3052 quomodoPlautusCissell.
747 2980 890 3045 vestibus,
923 2994 1046 3050 cumque
1084 2978 1109 3031 is
1124 2980 1207 3048 rogis
1224 2992 1261 3028 cx·

193 3068 218 3112 r,
236 3067 259 3112 r,
274 3048 319 3104 88.
344 3048 404 3102 tun'
421 3068 553 3122 unquam
568 3066 635 3102 cum
651 3046 713 3119 qui·
747 3046 858 3102 urenda
874 3062 1039 3121 exponere3
1058 3047 1124 3109 vel,
1143 3048 1195 3102 ubi
1213 3058 1262 3097 noa

190 3133 282 3188 quom
299 3117 364 3171 viro
380 3116 580 3173 consuevisti?
605 3116 713 3171 Teren·
748 3127 948 3170 cremarentur
959 3132 1096 3187 corpora,
1106 3111 1262 3188 sepulchris

191 3185 382 3241 tiusPhorm.
400 3189 431 3250 5,
452 3196 486 3253 b,
505 3188 549 3242 &3-
569 3204 636 3240 cum
649 3181 715 3256 ejus
749 3183 895 3248 condere,
921 3195 953 3237 ut
974 3193 1127 3236 auctorum
1150 3183 1261 3237 testimo·

192 3254 343 3310 consueuit
359 3251 433 3309 olim
448 3263 546 3310 matre
557 3255 590 3309 in
599 3254 714 3308 Lemno
748 3252 804 3308 aiis
822 3253 858 3306 cll
874 3249 1066 3314 manifestum,
1087 3249 1214 3306 Homeri
1232 3244 1263 3302 0·

192 3319 375 3377 clanculum.
395 3324 507 3394 Hecyra
521 3339 547 3388 4,
561 3329 638 3386 miso.
668 3323 712 3375 ui·
749 3320 827 3391 dyss.
840 3338 875 3375 ω.
893 3341 917 3375 c.
940 3321 997 3374 131.
1015 3327 1044 3372 et
1061 3336 1138 3391 seqq.
1163 3315 1264 3376 raterii

192 3408 260 3446 cum
277 3397 320 3443 tot
338 3397 507 3447 consuesset
525 3408 633 3445 annos.
674 3388 712 3441 'bi
749 3392 876 3453 Mam,
897 3409 919 3443 1.
947 3386 1069 3460 Virgilii
1082 3390 1196 3450 Aemo,
1212 3403 1263 3440 ruo.

192 3459 362 3517 Donatus:
398 3459 574 3513 Consuesset
594 3458 714 3531 proprie
750 3456 912 3516 Plutarchi
933 3458 966 3513 in
988 3461 1109 3521 Bruto,
1140 3454 1265 3513 ottone,

150 3548 157 3557 ·’
192 3526 305 3581 dicitur
318 3526 351 3580 in
369 3533 483 3598 stupro.
511 3528 712 3583 Cicerchrr.
749 3527 887 3585 etAruta
903 3524 1056 3597 Sicyonio.
1090 3526 1203 3578 Ronrae
1222 3519 1265 3596 qui

115 3604 124 3615 “
191 3596 216 3650 ὅ.
229 3591 386 3655 mutieres,
404 3595 575 3666 quibuscum
584 3596 640 3649 iste
648 3613 714 3650 con·
750 3597 778 3650 in
801 3596 963 3668 magistratu
979 3592 1123 3649 constituti
1143 3595 1205 3647 vita
1224 3606 1266 3644 es·

192 3669 334 3718 sueverat.
354 3661 427 3718 adde
443 3661 519 3720 (icil.
538 3681 563 3724 a,
583 3665 625 3719 23.
643 3673 672 3716 et
686 3667 715 3731 4,
749 3662 909 3727 cedebant,
927 3670 1076 3735 praetexta
1097 3662 1218 3727 amicti,
1241 3660 1266 3710 ia

190 3732 218 3786 ὃ.
239 3729 714 3789 subaudiendumautemverbum
750 3748 852 3806 rogum
877 3717 1081 3804 portubintur.
1122 3726 1268 3783 Adnotsrc

165 3842 180 3855 ..
192 3797 406 3865 concumbere,
425 3819 489 3857 rem
504 3798 617 3856 babere
629 3835 638 3863 ,
651 3808 715 3869 ,aut
747 3799 805 3855 boc
817 3799 886 3853 licet
900 3797 977 3870 apud
996 3797 1117 3854 Liuium
1124 3798 1167 3920 δέ,
1176 3816 1203 3861 7.
1212 3798 1266 3849 :tle-

193 3866 302 3920 similc:
314 3867 556 3937 quemadmodum
567 3878 594 3920 et
605 3866 714 3921 adver·
768 3869 822 3921 ius.
840 3866 914 3921 addc
933 3862 1067 3922 Kircdm.
1086 3865 1125 3920 de
1155 3861 1267 3925 uneril.

192 3932 262 3986 bum
272 3931 369 3989 solere
379 3937 408 3988 in
423 3936 475 3991 illo
494 3934 711 3991 PlautiCistell.
784 3956 843 3991 om.
863 3956 886 4002 t,
904 3953 945 3989 to.
963 3934 1070 3989 Belius.
1127 3949 1129 3953 ·

195 4019 219 4064 1,
239 4020 263 4064 ι,
277 4004 320 4068 37.
341 4004 414 4058 ciris
433 4022 499 4059 cum
516 4005 578 4060 suis
594 4000 712 4076 praedi·
785 4000 954 4071 Cremauit]
972 4005 1058 4057 More
1078 4003 1269 4063 Graecorum,

193 4077 266 4125 cant
279 4087 335 4124 nos
351 4070 461 4128 solere:
488 4071 523 4126 de
559 4093 597 4129 uo
615 4069 713 4127 Scali-
749 4073 784 4127 de
799 4090 859 4145 quo
874 4071 950 4126 idem
965 4070 1204 4132 Kircbmannus‚
1215 4087 1268 4134 ιη.

189 4136 303 4212 gerad
320 4137 482 4195 Catullum.
509 4091 582 4196 udlie
600 4138 713 4212 Scbop·
748 4141 905 4195 llosPlut.
924 4143 1024 4213 pardi
1046 4137 1118 4192 dicit
1135 4137 1271 4204 ἐκήδευσε

212 4209 276 4263 ium
289 4204 310 4261 l.
331 4223 354 4260 c.
375 4209 433 4262 Pro
445 4211 713 4267 consueveratErc.
748 4211 892 4276 barraban
907 4212 959 4262 rat
975 4208 1152 4276 φιλοτίμως.
1256 4246 1259 4259 .

175 4225 267 4333 itm
283 4285 452 4332 consuerat.
477 4278 564 4333 bene.
591 4278 712 4332 Rosius.
800 4277 904 4332 Annos
923 4277 1043 4333 circiter
1082 4274 1272 4351 uadragr'nta

192 4345 286 4401 uiuere
314 4362 331 4397 a
351 4355 475 4399 noscunt
503 4345 584 4400 Leid.
606 4344 713 4414 [Gu.]
748 4343 865 4414 notun]
885 4291 1270 4399 DcAlcibiatlisactatcdis·

193 4412 307 4468 etVoss'.
323 4360 358 4466 i.
372 4413 407 4466 B.
426 4411 505 4482 [uu.
520 4432 578 4466 non
595 4431 713 4469 consue·
748 4424 832 4488 putat
847 4414 981 4470 Dulserus
999 4411 1035 4468 sd
1058 4410 1221 4484 Thucydid.
1239 4410 1269 4464 b.

194 4487 262 4546 ret,
282 4479 334 4538 sed
348 4489 541 4539 consueverat
555 4481 658 4548 babet,
683 4492 715 4538 ut
748 4493 781 4539 vt
802 4499 867 4558 cap.
884 4484 928 4550 43.
