<?xml version="1.0" encoding="UTF-8"?>
<!DOCTYPE html PUBLIC "-//W3C//DTD XHTML 1.0 Transitional//EN"
    "http://www.w3.org/TR/xhtml1/DTD/xhtml1-transitional.dtd">
<html xmlns="http://www.w3.org/1999/xhtml" xml:lang="en" lang="en">
 <head>
  <title>
</title>
<meta http-equiv="Content-Type" content="text/html;charset=utf-8" />
  <meta name='ocr-system' content='tesseract 3.04.00' />
  <meta name='ocr-capabilities' content='ocr_page ocr_carea ocr_par ocr_line ocrx_word'/>
</head>
<body>
  <div class='ocr_page' id='page_1' title='image "./quaeexstant01stavgoog/quaeexstant01stavgoog_0345.png"; bbox 0 0 2624 5176; ppageno 0'>
   <div class='ocr_carea' id='block_1_1' title="bbox 311 422 1284 499">
    <p class='ocr_par' dir='ltr' id='par_1_1' title="bbox 311 422 1284 499">
     <span class='ocr_line' id='line_1_1' title="bbox 1098 422 1284 454; baseline 0 -15"><span class='ocrx_word' id='word_1_1' title='bbox 1098 448 1101 454; x_wconf 67' lang='lat'><strong>.</strong></span> <span class='ocrx_word' id='word_1_2' title='bbox 1273 422 1284 439; x_wconf 73' lang='lat' dir='ltr'><strong>e</strong></span> 
     </span>
     <span class='ocr_line' id='line_1_2' title="bbox 311 456 1017 499; baseline -0.001 -12"><span class='ocrx_word' id='word_1_3' title='bbox 311 482 313 487; x_wconf 65' lang='lat' dir='ltr'>v</span> <span class='ocrx_word' id='word_1_4' title='bbox 936 474 948 499; x_wconf 42' lang='lat' dir='ltr'>x</span> <span class='ocrx_word' id='word_1_5' title='bbox 1014 456 1017 463; x_wconf 61' lang='grc' dir='ltr'>Ι</span> 
     </span>
    </p>
   </div>
   <div class='ocr_carea' id='block_1_2' title="bbox 1241 572 1293 603">
    <p class='ocr_par' dir='ltr' id='par_1_2' title="bbox 1241 572 1293 603">
     <span class='ocr_line' id='line_1_3' title="bbox 1241 572 1293 603; baseline 0 -14"><span class='ocrx_word' id='word_1_6' title='bbox 1241 572 1258 603; x_wconf 45' lang='grc' dir='ltr'><strong>χ</strong></span> <span class='ocrx_word' id='word_1_7' title='bbox 1288 572 1293 589; x_wconf 88' lang='grc'><strong>.</strong></span> 
     </span>
    </p>
   </div>
   <div class='ocr_carea' id='block_1_3' title="bbox 194 706 1219 818">
    <p class='ocr_par' dir='ltr' id='par_1_3' title="bbox 194 706 1219 818">
     <span class='ocr_line' id='line_1_4' title="bbox 194 706 1219 818; baseline -0.002 -2"><span class='ocrx_word' id='word_1_8' title='bbox 194 756 255 818; x_wconf 67' lang='grc' dir='ltr'><strong>ιοι</strong></span> <span class='ocrx_word' id='word_1_9' title='bbox 425 717 1117 815; x_wconf 73' lang='grc' dir='ltr'><strong>εοιΝιιιιιιιοιιι’</strong></span> <span class='ocrx_word' id='word_1_10' title='bbox 1215 706 1219 715; x_wconf 69' lang='grc'><strong>’</strong></span> 
     </span>
    </p>
   </div>
   <div class='ocr_carea' id='block_1_4' title="bbox 192 957 1278 1359">
    <p class='ocr_par' dir='ltr' id='par_1_4' title="bbox 192 957 1278 1359">
     <span class='ocr_line' id='line_1_5' title="bbox 193 957 1278 1042; baseline 0.002 -24"><span class='ocrx_word' id='word_1_11' title='bbox 193 978 278 1018; x_wconf 87' lang='lat' dir='ltr'><strong>mum</strong></span> <span class='ocrx_word' id='word_1_12' title='bbox 306 957 477 1041; x_wconf 84' lang='lat' dir='ltr'><strong>imperium</strong></span> <span class='ocrx_word' id='word_1_13' title='bbox 504 971 759 1042; x_wconf 78' lang='lat' dir='ltr'><strong>potestatemque</strong></span> <span class='ocrx_word' id='word_1_14' title='bbox 789 959 930 1020; x_wconf 87' lang='lat' dir='ltr'><strong>omnium</strong></span> <span class='ocrx_word' id='word_1_15' title='bbox 957 958 1278 1020; x_wconf 84' lang='lat' dir='ltr'><strong>rerumcommitte·</strong></span> 
     </span>
     <span class='ocr_line' id='line_1_6' title="bbox 192 1062 1276 1148; baseline -0.001 -23"><span class='ocrx_word' id='word_1_16' title='bbox 192 1077 254 1125; x_wconf 88' lang='lat' dir='ltr'><strong>ret.</strong></span> <span class='ocrx_word' id='word_1_17' title='bbox 317 1063 442 1124; x_wconf 87' lang='lat' dir='ltr'><strong>Horum</strong></span> <span class='ocrx_word' id='word_1_18' title='bbox 470 1062 503 1122; x_wconf 90' lang='lat' dir='ltr'><strong>in</strong></span> <span class='ocrx_word' id='word_1_19' title='bbox 532 1082 698 1123; x_wconf 88' lang='lat' dir='ltr'><strong>numerum</strong></span> <span class='ocrx_word' id='word_1_20' title='bbox 725 1082 819 1124; x_wconf 87' lang='lat' dir='ltr'><strong>nemo</strong></span> <span class='ocrx_word' id='word_1_21' title='bbox 840 1062 1082 1136; x_wconf 78' lang='lat' dir='ltr'><strong>admittebatur,</strong></span> <span class='ocrx_word' id='word_1_22' title='bbox 1124 1063 1192 1124; x_wconf 77' lang='lat' dir='ltr'><strong>nisi</strong></span> <span class='ocrx_word' id='word_1_23' title='bbox 1215 1066 1276 1148; x_wconf 90' lang='lat' dir='ltr'><strong>qui</strong></span> 
     </span>
     <span class='ocr_line' id='line_1_7' title="bbox 193 1168 1275 1253; baseline 0.001 -23"><span class='ocrx_word' id='word_1_24' title='bbox 193 1183 246 1231; x_wconf 83' lang='lat' dir='ltr'><strong>aut</strong></span> <span class='ocrx_word' id='word_1_25' title='bbox 275 1169 343 1249; x_wconf 79' lang='lat' dir='ltr'><strong>ejus</strong></span> <span class='ocrx_word' id='word_1_26' title='bbox 370 1168 515 1253; x_wconf 80' lang='lat' dir='ltr'><strong>hospitio</strong></span> <span class='ocrx_word' id='word_1_27' title='bbox 544 1169 782 1245; x_wconf 77' lang='lat' dir='ltr'><strong>contineretur,</strong></span> <span class='ocrx_word' id='word_1_28' title='bbox 824 1183 878 1232; x_wconf 83' lang='lat' dir='ltr'><strong>aut</strong></span> <span class='ocrx_word' id='word_1_29' title='bbox 913 1189 949 1232; x_wconf 79' lang='lat' dir='ltr'><strong>ae</strong></span> <span class='ocrx_word' id='word_1_30' title='bbox 977 1168 1066 1231; x_wconf 81' lang='lat' dir='ltr'><strong>illius</strong></span> <span class='ocrx_word' id='word_1_31' title='bbox 1095 1169 1172 1232; x_wconf 84' lang='lat' dir='ltr'><strong>fore</strong></span> <span class='ocrx_word' id='word_1_32' title='bbox 1192 1190 1275 1253; x_wconf 85' lang='lat' dir='ltr'><strong>pro·</strong></span> 
     </span>
     <span class='ocr_line' id='line_1_8' title="bbox 192 1272 746 1359; baseline 0.002 -23"><span class='ocrx_word' id='word_1_33' title='bbox 192 1273 299 1359; x_wconf 86' lang='lat' dir='ltr'><strong>prium</strong></span> <span class='ocrx_word' id='word_1_34' title='bbox 320 1272 383 1336; x_wconf 88' lang='lat' dir='ltr'><strong>fide</strong></span> <span class='ocrx_word' id='word_1_35' title='bbox 412 1272 625 1337; x_wconf 82' lang='lat' dir='ltr'><strong>confirmarat.</strong></span> <span class='ocrx_word' id='word_1_36' title='bbox 739 1309 746 1319; x_wconf 93' lang='lat'><strong>·</strong></span> 
     </span>
    </p>
   </div>
   <div class='ocr_carea' id='block_1_5' title="bbox 95 1502 1270 4034">
    <p class='ocr_par' dir='ltr' id='par_1_5' title="bbox 95 1502 1270 4034">
     <span class='ocr_line' id='line_1_9' title="bbox 193 1502 1268 1576; baseline -0.002 -15"><span class='ocrx_word' id='word_1_37' title='bbox 193 1510 250 1561; x_wconf 74' lang='lat' dir='ltr'><strong>ter.</strong></span> <span class='ocrx_word' id='word_1_38' title='bbox 273 1505 322 1561; x_wconf 84' lang='lat' dir='ltr'><strong>Gr.</strong></span> <span class='ocrx_word' id='word_1_39' title='bbox 341 1505 544 1576; x_wconf 73' lang='lat' dir='ltr'><strong>decapitiatap</strong></span> <span class='ocrx_word' id='word_1_40' title='bbox 568 1505 646 1567; x_wconf 82' lang='lat' dir='ltr'><strong>ellat,</strong></span> <span class='ocrx_word' id='word_1_41' title='bbox 660 1503 709 1557; x_wconf 80' lang='lat' dir='ltr'><strong>nib</strong></span> <span class='ocrx_word' id='word_1_42' title='bbox 744 1503 813 1558; x_wconf 86' lang='lat' dir='ltr'><strong>theo</strong></span> <span class='ocrx_word' id='word_1_43' title='bbox 829 1502 890 1560; x_wconf 69' lang='lat' dir='ltr'><strong>cd.</strong></span> <span class='ocrx_word' id='word_1_44' title='bbox 912 1504 942 1557; x_wconf 89' lang='lat' dir='ltr'><strong>in</strong></span> <span class='ocrx_word' id='word_1_45' title='bbox 953 1505 1010 1559; x_wconf 84' lang='grc' dir='ltr'><strong>Μι.</strong></span> <span class='ocrx_word' id='word_1_46' title='bbox 1023 1504 1123 1558; x_wconf 83' lang='lat' dir='ltr'><strong>Roeci.</strong></span> <span class='ocrx_word' id='word_1_47' title='bbox 1138 1514 1169 1559; x_wconf 89' lang='lat' dir='ltr'><strong>et</strong></span> <span class='ocrx_word' id='word_1_48' title='bbox 1185 1505 1268 1561; x_wconf 75' lang='lat' dir='ltr'><strong>Van.</strong></span> 
     </span>
     <span class='ocr_line' id='line_1_10' title="bbox 192 1570 1270 1629; baseline 0.002 -3"><span class='ocrx_word' id='word_1_49' title='bbox 192 1575 274 1628; x_wconf 85' lang='lat' dir='ltr'><strong>locus</strong></span> <span class='ocrx_word' id='word_1_50' title='bbox 291 1571 444 1628; x_wconf 81' lang='lat' dir='ltr'><strong>mendosus</strong></span> <span class='ocrx_word' id='word_1_51' title='bbox 459 1574 505 1626; x_wconf 81' lang='lat' dir='ltr'><strong>est.</strong></span> <span class='ocrx_word' id='word_1_52' title='bbox 558 1572 708 1628; x_wconf 79' lang='lat' dir='ltr'><strong>umbinus.</strong></span> <span class='ocrx_word' id='word_1_53' title='bbox 744 1574 778 1627; x_wconf 90' lang='lat' dir='ltr'><strong>B.</strong></span> <span class='ocrx_word' id='word_1_54' title='bbox 792 1571 870 1629; x_wconf 84' lang='lat' dir='ltr'><strong>Huic</strong></span> <span class='ocrx_word' id='word_1_55' title='bbox 885 1573 918 1628; x_wconf 91' lang='lat' dir='ltr'><strong>in</strong></span> <span class='ocrx_word' id='word_1_56' title='bbox 936 1570 1064 1629; x_wconf 78' lang='lat' dir='ltr'><strong>consilio</strong></span> <span class='ocrx_word' id='word_1_57' title='bbox 1086 1572 1211 1628; x_wconf 82' lang='lat' dir='ltr'><strong>duntur.</strong></span> <span class='ocrx_word' id='word_1_58' title='bbox 1238 1575 1270 1628; x_wconf 90' lang='lat' dir='ltr'><strong>iu</strong></span> 
     </span>
     <span class='ocr_line' id='line_1_11' title="bbox 192 1640 1269 1714; baseline -0.002 -17"><span class='ocrx_word' id='word_1_59' title='bbox 192 1641 311 1697; x_wconf 78' lang='lat' dir='ltr'><strong>Athenis</strong></span> <span class='ocrx_word' id='word_1_60' title='bbox 335 1652 430 1695; x_wconf 83' lang='lat' dir='ltr'><strong>autum</strong></span> <span class='ocrx_word' id='word_1_61' title='bbox 455 1643 573 1714; x_wconf 74' lang='lat' dir='ltr'><strong>triginta</strong></span> <span class='ocrx_word' id='word_1_62' title='bbox 595 1640 709 1714; x_wconf 84' lang='lat' dir='ltr'><strong>praese·</strong></span> <span class='ocrx_word' id='word_1_63' title='bbox 744 1641 852 1695; x_wconf 75' lang='lat' dir='ltr'><strong>tustino</strong></span> <span class='ocrx_word' id='word_1_64' title='bbox 864 1643 898 1701; x_wconf 99' lang='lat' dir='ltr'><strong>L.</strong></span> <span class='ocrx_word' id='word_1_65' title='bbox 919 1659 942 1695; x_wconf 90' lang='grc' dir='ltr'><strong>ι.</strong></span> <span class='ocrx_word' id='word_1_66' title='bbox 966 1661 992 1696; x_wconf 87' lang='lat' dir='ltr'><strong>c.</strong></span> <span class='ocrx_word' id='word_1_67' title='bbox 1005 1659 1032 1712; x_wconf 83' lang='lat'><strong>7.</strong></span> <span class='ocrx_word' id='word_1_68' title='bbox 1049 1658 1079 1695; x_wconf 94' lang='grc' dir='ltr'><strong>ιι.</strong></span> <span class='ocrx_word' id='word_1_69' title='bbox 1099 1660 1140 1694; x_wconf 88' lang='grc' dir='ltr'><strong>ιο.</strong></span> <span class='ocrx_word' id='word_1_70' title='bbox 1161 1657 1269 1695; x_wconf 78' lang='lat' dir='ltr'><strong>serco-</strong></span> 
     </span>
     <span class='ocr_line' id='line_1_12' title="bbox 193 1706 1267 1782; baseline 0 -19"><span class='ocrx_word' id='word_1_71' title='bbox 193 1720 282 1770; x_wconf 80' lang='lat' dir='ltr'><strong>cernt,</strong></span> <span class='ocrx_word' id='word_1_72' title='bbox 295 1708 394 1764; x_wconf 86' lang='lat' dir='ltr'><strong>decem</strong></span> <span class='ocrx_word' id='word_1_73' title='bbox 405 1725 478 1762; x_wconf 87' lang='lat' dir='ltr'><strong>vero</strong></span> <span class='ocrx_word' id='word_1_74' title='bbox 494 1712 626 1766; x_wconf 82' lang='lat' dir='ltr'><strong>Piraeeo.</strong></span> <span class='ocrx_word' id='word_1_75' title='bbox 640 1706 709 1764; x_wconf 86' lang='lat' dir='ltr'><strong>Piu-</strong></span> <span class='ocrx_word' id='word_1_76' title='bbox 744 1707 891 1763; x_wconf 70' lang='lat' dir='ltr'><strong>dicentur.</strong></span> <span class='ocrx_word' id='word_1_77' title='bbox 907 1711 1007 1782; x_wconf 71' lang='lat' dir='ltr'><strong>legunt</strong></span> <span class='ocrx_word' id='word_1_78' title='bbox 1018 1708 1124 1780; x_wconf 75' lang='lat' dir='ltr'><strong>siquid</strong></span> <span class='ocrx_word' id='word_1_79' title='bbox 1131 1711 1167 1764; x_wconf 85' lang='lat' dir='ltr'><strong>in</strong></span> <span class='ocrx_word' id='word_1_80' title='bbox 1178 1710 1267 1763; x_wconf 84' lang='lat' dir='ltr'><strong>Croe-</strong></span> 
     </span>
     <span class='ocr_line' id='line_1_13' title="bbox 192 1775 1269 1852; baseline -0.005 -19"><span class='ocrx_word' id='word_1_81' title='bbox 192 1779 325 1833; x_wconf 80' lang='lat' dir='ltr'><strong>turcbus.</strong></span> <span class='ocrx_word' id='word_1_82' title='bbox 352 1778 388 1831; x_wconf 88' lang='lat' dir='ltr'><strong>Hi</strong></span> <span class='ocrx_word' id='word_1_83' title='bbox 402 1778 497 1852; x_wconf 83' lang='lat' dir='ltr'><strong>postca</strong></span> <span class='ocrx_word' id='word_1_84' title='bbox 519 1780 557 1833; x_wconf 89' lang='lat' dir='ltr'><strong>tri</strong></span> <span class='ocrx_word' id='word_1_85' title='bbox 578 1777 637 1832; x_wconf 82' lang='lat' dir='ltr'><strong>inte</strong></span> <span class='ocrx_word' id='word_1_86' title='bbox 652 1776 709 1831; x_wconf 85' lang='lat' dir='ltr'><strong>viri</strong></span> <span class='ocrx_word' id='word_1_87' title='bbox 744 1794 778 1831; x_wconf 84' lang='lat' dir='ltr'><strong>so</strong></span> <span class='ocrx_word' id='word_1_88' title='bbox 790 1775 940 1833; x_wconf 81' lang='lat' dir='ltr'><strong>crudelius</strong></span> <span class='ocrx_word' id='word_1_89' title='bbox 953 1777 1162 1842; x_wconf 83' lang='lat' dir='ltr'><strong>consuluisset,</strong></span> <span class='ocrx_word' id='word_1_90' title='bbox 1180 1793 1269 1849; x_wconf 87' lang='lat' dir='ltr'><strong>quam</strong></span> 
     </span>
     <span class='ocr_line' id='line_1_14' title="bbox 191 1795 1265 1922; baseline -0.002 -22"><span class='ocrx_word' id='word_1_91' title='bbox 191 1847 294 1900; x_wconf 85' lang='lat' dir='ltr'><strong>urbem</strong></span> <span class='ocrx_word' id='word_1_92' title='bbox 306 1847 443 1900; x_wconf 78' lang='lat' dir='ltr'><strong>servitute</strong></span> <span class='ocrx_word' id='word_1_93' title='bbox 457 1795 668 1922; x_wconf 46' lang='lat' dir='ltr'><strong>oppetierunt,</strong></span> <span class='ocrx_word' id='word_1_94' title='bbox 682 1853 711 1898; x_wconf 87' lang='lat' dir='ltr'><strong>et</strong></span> <span class='ocrx_word' id='word_1_95' title='bbox 743 1845 900 1898; x_wconf 84' lang='lat' dir='ltr'><strong>lectionem</strong></span> <span class='ocrx_word' id='word_1_96' title='bbox 906 1845 1051 1919; x_wconf 85' lang='lat' dir='ltr'><strong>probutet</strong></span> <span class='ocrx_word' id='word_1_97' title='bbox 1063 1843 1265 1899; x_wconf 64' lang='lat' dir='ltr'><strong>iliubrutbbr.</strong></span> 
     </span>
     <span class='ocr_line' id='line_1_15' title="bbox 192 1912 1268 1986; baseline -0.005 -17"><span class='ocrx_word' id='word_1_98' title='bbox 192 1913 227 1969; x_wconf 83' lang='lat' dir='ltr'><strong>ad</strong></span> <span class='ocrx_word' id='word_1_99' title='bbox 236 1912 416 1985; x_wconf 78' lang='lat' dir='ltr'><strong>tyrannidem</strong></span> <span class='ocrx_word' id='word_1_100' title='bbox 431 1931 463 1967; x_wconf 83' lang='lat' dir='ltr'><strong>ue</strong></span> <span class='ocrx_word' id='word_1_101' title='bbox 486 1933 522 1969; x_wconf 89' lang='lat' dir='ltr'><strong>ue</strong></span> <span class='ocrx_word' id='word_1_102' title='bbox 532 1916 707 1970; x_wconf 77' lang='lat' dir='ltr'><strong>saevierunt.</strong></span> <span class='ocrx_word' id='word_1_103' title='bbox 744 1914 979 1978; x_wconf 80' lang='lat' dir='ltr'><strong>Gronoviua,vir</strong></span> <span class='ocrx_word' id='word_1_104' title='bbox 990 1912 1268 1986; x_wconf 74' lang='lat' dir='ltr'><strong>Majorurngioriann</strong></span> 
     </span>
     <span class='ocr_line' id='line_1_16' title="bbox 193 1980 1267 2057; baseline -0.006 -19"><span class='ocrx_word' id='word_1_105' title='bbox 193 1984 331 2057; x_wconf 80' lang='lat' dir='ltr'><strong>Magius.</strong></span> <span class='ocrx_word' id='word_1_106' title='bbox 373 1981 451 2037; x_wconf 85' lang='lat' dir='ltr'><strong>Votr.</strong></span> <span class='ocrx_word' id='word_1_107' title='bbox 502 2022 509 2037; x_wconf 92' lang='lat'><strong>.</strong></span> <span class='ocrx_word' id='word_1_108' title='bbox 539 1982 708 2057; x_wconf 79' lang='lat' dir='ltr'><strong>delegarat,</strong></span> <span class='ocrx_word' id='word_1_109' title='bbox 743 1980 900 2036; x_wconf 75' lang='lat' dir='ltr'><strong>virtutibus</strong></span> <span class='ocrx_word' id='word_1_110' title='bbox 931 1982 990 2037; x_wconf 82' lang='lat' dir='ltr'><strong>auia</strong></span> <span class='ocrx_word' id='word_1_111' title='bbox 1017 1999 1144 2055; x_wconf 81' lang='lat' dir='ltr'><strong>augens,</strong></span> <span class='ocrx_word' id='word_1_112' title='bbox 1180 1997 1267 2052; x_wconf 85' lang='lat' dir='ltr'><strong>quem</strong></span> 
     </span>
     <span class='ocr_line' id='line_1_17' title="bbox 191 2046 1266 2122; baseline -0.003 -18"><span class='ocrx_word' id='word_1_113' title='bbox 191 2054 203 2111; x_wconf 78' lang='lat' dir='ltr'><strong>t</strong></span> <span class='ocrx_word' id='word_1_114' title='bbox 227 2057 317 2122; x_wconf 77' lang='lat'><strong>.190.)</strong></span> <span class='ocrx_word' id='word_1_115' title='bbox 331 2050 378 2104; x_wconf 87' lang='lat' dir='ltr'><strong>scd</strong></span> <span class='ocrx_word' id='word_1_116' title='bbox 394 2069 427 2105; x_wconf 85' lang='lat' dir='ltr'><strong>su</strong></span> <span class='ocrx_word' id='word_1_117' title='bbox 449 2068 482 2105; x_wconf 85' lang='lat' dir='ltr'><strong>ra</strong></span> <span class='ocrx_word' id='word_1_118' title='bbox 498 2063 628 2106; x_wconf 81' lang='lat' dir='ltr'><strong>notatum</strong></span> <span class='ocrx_word' id='word_1_119' title='bbox 647 2060 710 2103; x_wconf 86' lang='lat' dir='ltr'><strong>crat</strong></span> <span class='ocrx_word' id='word_1_120' title='bbox 743 2048 799 2114; x_wconf 85' lang='lat' dir='ltr'><strong>iem</strong></span> <span class='ocrx_word' id='word_1_121' title='bbox 824 2049 941 2103; x_wconf 85' lang='lat' dir='ltr'><strong>citatum</strong></span> <span class='ocrx_word' id='word_1_122' title='bbox 968 2048 1029 2103; x_wconf 87' lang='lat' dir='ltr'><strong>vidi</strong></span> <span class='ocrx_word' id='word_1_123' title='bbox 1061 2066 1077 2103; x_wconf 80' lang='lat' dir='ltr'>a</span> <span class='ocrx_word' id='word_1_124' title='bbox 1100 2048 1206 2103; x_wconf 77' lang='lat' dir='ltr'><strong>Contio</strong></span> <span class='ocrx_word' id='word_1_125' title='bbox 1229 2046 1266 2101; x_wconf 85' lang='lat' dir='ltr'><strong>ad</strong></span> 
     </span>
     <span class='ocr_line' id='line_1_18' title="bbox 191 2072 1264 2195; baseline -0.008 -16"><span class='ocrx_word' id='word_1_126' title='bbox 191 2072 355 2195; x_wconf 52' lang='lat' dir='ltr'><strong>‹blegerut</strong></span> <span class='ocrx_word' id='word_1_127' title='bbox 365 2119 415 2172; x_wconf 78' lang='lat' dir='ltr'><strong>dri</strong></span> <span class='ocrx_word' id='word_1_128' title='bbox 440 2118 500 2174; x_wconf 85' lang='lat' dir='ltr'><strong>idea</strong></span> <span class='ocrx_word' id='word_1_129' title='bbox 508 2122 589 2175; x_wconf 86' lang='lat' dir='ltr'><strong>Orat.</strong></span> <span class='ocrx_word' id='word_1_130' title='bbox 598 2119 707 2173; x_wconf 87' lang='lat' dir='ltr'><strong>Tom.l.</strong></span> <span class='ocrx_word' id='word_1_131' title='bbox 743 2116 854 2173; x_wconf 81' lang='lat' dir='ltr'><strong>Sallust.</strong></span> <span class='ocrx_word' id='word_1_132' title='bbox 873 2118 958 2174; x_wconf 82' lang='lat' dir='ltr'><strong>Catil.</strong></span> <span class='ocrx_word' id='word_1_133' title='bbox 980 2127 1047 2192; x_wconf 85' lang='lat' dir='ltr'><strong>cap.</strong></span> <span class='ocrx_word' id='word_1_134' title='bbox 1062 2121 1105 2174; x_wconf 77' lang='lat' dir='ltr'><strong>ba.</strong></span> <span class='ocrx_word' id='word_1_135' title='bbox 1124 2132 1205 2169; x_wconf 83' lang='lat' dir='ltr'><strong>nutn.</strong></span> <span class='ocrx_word' id='word_1_136' title='bbox 1223 2134 1264 2170; x_wconf 81' lang='lat' dir='ltr'><strong>ia.</strong></span> 
     </span>
     <span class='ocr_line' id='line_1_19' title="bbox 188 2183 1263 2267; baseline -0.004 -24"><span class='ocrx_word' id='word_1_137' title='bbox 188 2208 257 2267; x_wconf 79' lang='lat' dir='ltr'><strong>pag.</strong></span> <span class='ocrx_word' id='word_1_138' title='bbox 274 2207 332 2244; x_wconf 81' lang='lat' dir='ltr'><strong>auo.</strong></span> <span class='ocrx_word' id='word_1_139' title='bbox 355 2186 391 2240; x_wconf 85' lang='lat' dir='ltr'><strong>de</strong></span> <span class='ocrx_word' id='word_1_140' title='bbox 405 2186 640 2242; x_wconf 78' lang='lat' dir='ltr'><strong>Lacedaemoniis</strong></span> <span class='ocrx_word' id='word_1_141' title='bbox 653 2183 709 2240; x_wconf 73' lang='lat' dir='ltr'><strong>dee</strong></span> <span class='ocrx_word' id='word_1_142' title='bbox 743 2184 801 2241; x_wconf 88' lang='lat' dir='ltr'><strong>Sed</strong></span> <span class='ocrx_word' id='word_1_143' title='bbox 812 2184 867 2237; x_wconf 88' lang='lat' dir='ltr'><strong>hoe</strong></span> <span class='ocrx_word' id='word_1_144' title='bbox 881 2186 948 2240; x_wconf 88' lang='lat' dir='ltr'><strong>loco</strong></span> <span class='ocrx_word' id='word_1_145' title='bbox 963 2185 1101 2259; x_wconf 76' lang='lat' dir='ltr'><strong>praefero</strong></span> <span class='ocrx_word' id='word_1_146' title='bbox 1115 2185 1149 2239; x_wconf 89' lang='lat' dir='ltr'><strong>in</strong></span> <span class='ocrx_word' id='word_1_147' title='bbox 1160 2202 1263 2239; x_wconf 87' lang='lat' dir='ltr'><strong>nume·</strong></span> 
     </span>
     <span class='ocr_line' id='line_1_20' title="bbox 188 2251 1264 2374; baseline -0.005 -62"><span class='ocrx_word' id='word_1_148' title='bbox 188 2258 363 2326; x_wconf 74' lang='lat' dir='ltr'><strong>rvpctoudat</strong></span> <span class='ocrx_word' id='word_1_149' title='bbox 387 2255 537 2310; x_wconf 77' lang='lat' dir='ltr'><strong>ivna&#39;oau</strong></span> <span class='ocrx_word' id='word_1_150' title='bbox 557 2263 622 2309; x_wconf 82' lang='lat' dir='ltr'><strong>rats</strong></span> <span class='ocrx_word' id='word_1_151' title='bbox 648 2255 707 2309; x_wconf 73' lang='grc' dir='ltr'><strong>Ἑλ.</strong></span> <span class='ocrx_word' id='word_1_152' title='bbox 743 2272 820 2309; x_wconf 82' lang='lat' dir='ltr'><strong>rum·</strong></span> <span class='ocrx_word' id='word_1_153' title='bbox 838 2252 949 2374; x_wconf 37' lang='lat' dir='ltr'><strong>&amp;Codex</strong></span> <span class='ocrx_word' id='word_1_154' title='bbox 969 2257 1023 2310; x_wconf 87' lang='lat' dir='ltr'><strong>Gu.</strong></span> <span class='ocrx_word' id='word_1_155' title='bbox 1040 2253 1094 2307; x_wconf 75' lang='lat' dir='ltr'><strong>Ax.</strong></span> <span class='ocrx_word' id='word_1_156' title='bbox 1115 2251 1168 2306; x_wconf 82' lang='lat' dir='ltr'><strong>Ed.</strong></span> <span class='ocrx_word' id='word_1_157' title='bbox 1183 2253 1264 2334; x_wconf 72' lang='lat' dir='ltr'><strong>priu-</strong></span> 
     </span>
     <span class='ocr_line' id='line_1_21' title="bbox 190 2318 1264 2395; baseline -0.003 -16"><span class='ocrx_word' id='word_1_158' title='bbox 190 2328 290 2393; x_wconf 77' lang='grc' dir='ltr'><strong>ληνὶσι</strong></span> <span class='ocrx_word' id='word_1_159' title='bbox 323 2322 431 2376; x_wconf 78' lang='grc' dir='ltr'><strong>πόλεσι</strong></span> <span class='ocrx_word' id='word_1_160' title='bbox 464 2322 644 2389; x_wconf 76' lang='grc' dir='ltr'><strong><em>κατέεησαν,</em></strong></span> <span class='ocrx_word' id='word_1_161' title='bbox 675 2318 709 2377; x_wconf 78' lang='lat' dir='ltr'><strong>dr</strong></span> <span class='ocrx_word' id='word_1_162' title='bbox 743 2339 822 2395; x_wconf 83' lang='lat' dir='ltr'><strong>ceps,</strong></span> <span class='ocrx_word' id='word_1_163' title='bbox 866 2332 959 2395; x_wconf 71' lang='lat' dir='ltr'><strong>egent.</strong></span> <span class='ocrx_word' id='word_1_164' title='bbox 984 2334 1109 2394; x_wconf 85' lang='lat' dir='ltr'><strong>utraque</strong></span> <span class='ocrx_word' id='word_1_165' title='bbox 1124 2321 1264 2376; x_wconf 78' lang='lat' dir='ltr'><strong>Penden-</strong></span> 
     </span>
     <span class='ocr_line' id='line_1_22' title="bbox 189 2388 1265 2513; baseline -0.002 -65"><span class='ocrx_word' id='word_1_166' title='bbox 189 2401 354 2460; x_wconf 71' lang='grc' dir='ltr'><strong><em>προσεῖπον</em></strong></span> <span class='ocrx_word' id='word_1_167' title='bbox 373 2392 510 2462; x_wconf 71' lang='grc' dir='ltr'><strong>ἑυφήιιωι</strong></span> <span class='ocrx_word' id='word_1_168' title='bbox 527 2392 707 2460; x_wconf 73' lang='grc' dir='ltr'><strong>Δεκαρχίαι.</strong></span> <span class='ocrx_word' id='word_1_169' title='bbox 743 2390 798 2455; x_wconf 83' lang='lat' dir='ltr'><strong>sis,</strong></span> <span class='ocrx_word' id='word_1_170' title='bbox 817 2388 940 2456; x_wconf 78' lang='lat' dir='ltr'><strong>Aldina,</strong></span> <span class='ocrx_word' id='word_1_171' title='bbox 965 2392 1057 2463; x_wconf 78' lang='lat' dir='ltr'><strong>Long.</strong></span> <span class='ocrx_word' id='word_1_172' title='bbox 1082 2400 1112 2443; x_wconf 82' lang='lat' dir='ltr'><strong>et</strong></span> <span class='ocrx_word' id='word_1_173' title='bbox 1128 2391 1207 2513; x_wconf 51' lang='lat' dir='ltr'><strong>litui.</strong></span> <span class='ocrx_word' id='word_1_174' title='bbox 1230 2391 1265 2446; x_wconf 89' lang='lat' dir='ltr'><strong>in</strong></span> 
     </span>
     <span class='ocr_line' id='line_1_23' title="bbox 189 2457 1263 2534; baseline -0.006 -15"><span class='ocrx_word' id='word_1_175' title='bbox 189 2465 251 2519; x_wconf 83' lang='lat' dir='ltr'><strong>Cur</strong></span> <span class='ocrx_word' id='word_1_176' title='bbox 269 2459 429 2532; x_wconf 81' lang='lat' dir='ltr'><strong>Lysander,</strong></span> <span class='ocrx_word' id='word_1_177' title='bbox 461 2461 553 2534; x_wconf 82' lang='lat' dir='ltr'><strong>captis</strong></span> <span class='ocrx_word' id='word_1_178' title='bbox 576 2460 707 2523; x_wconf 78' lang='lat' dir='ltr'><strong>Athenin,</strong></span> <span class='ocrx_word' id='word_1_179' title='bbox 742 2476 884 2526; x_wconf 85' lang='lat' dir='ltr'><strong>numero,</strong></span> <span class='ocrx_word' id='word_1_180' title='bbox 908 2458 959 2513; x_wconf 86' lang='lat' dir='ltr'><strong>aed</strong></span> <span class='ocrx_word' id='word_1_181' title='bbox 980 2461 1037 2515; x_wconf 85' lang='lat' dir='ltr'><strong>Uit.</strong></span> <span class='ocrx_word' id='word_1_182' title='bbox 1064 2469 1092 2512; x_wconf 87' lang='lat' dir='ltr'><strong>et</strong></span> <span class='ocrx_word' id='word_1_183' title='bbox 1110 2457 1180 2510; x_wconf 86' lang='lat' dir='ltr'><strong>Lam</strong></span> <span class='ocrx_word' id='word_1_184' title='bbox 1204 2460 1263 2513; x_wconf 88' lang='lat' dir='ltr'><strong>.in</strong></span> 
     </span>
     <span class='ocr_line' id='line_1_24' title="bbox 188 2525 1266 2652; baseline -0.003 -68"><span class='ocrx_word' id='word_1_185' title='bbox 188 2528 306 2649; x_wconf 54' lang='lat' dir='ltr'><strong>trigint‘f</strong></span> <span class='ocrx_word' id='word_1_186' title='bbox 317 2529 383 2584; x_wconf 85' lang='lat' dir='ltr'><strong>urbi</strong></span> <span class='ocrx_word' id='word_1_187' title='bbox 392 2529 570 2649; x_wconf 43' lang='lat' dir='ltr'><strong>praefectos·z</strong></span> <span class='ocrx_word' id='word_1_188' title='bbox 584 2528 707 2583; x_wconf 85' lang='lat' dir='ltr'><strong>Piraeco</strong></span> <span class='ocrx_word' id='word_1_189' title='bbox 742 2545 900 2652; x_wconf 51' lang='lat' dir='ltr'><strong>§ramerum</strong></span> <span class='ocrx_word' id='word_1_190' title='bbox 947 2525 1027 2601; x_wconf 89' lang='lat' dir='ltr'><strong>quod</strong></span> <span class='ocrx_word' id='word_1_191' title='bbox 1046 2527 1110 2596; x_wconf 84' lang='lat' dir='ltr'><strong>jure</strong></span> <span class='ocrx_word' id='word_1_192' title='bbox 1130 2527 1266 2602; x_wconf 77' lang='lat' dir='ltr'><strong>praefert</strong></span> 
     </span>
     <span class='ocr_line' id='line_1_25' title="bbox 187 2613 1010 2678; baseline 0 -27"><span class='ocrx_word' id='word_1_193' title='bbox 187 2614 260 2651; x_wconf 81' lang='lat' dir='ltr'><strong>uero</strong></span> <span class='ocrx_word' id='word_1_194' title='bbox 304 2614 382 2678; x_wconf 72' lang='lat' dir='ltr'><strong>eccm</strong></span> <span class='ocrx_word' id='word_1_195' title='bbox 406 2614 556 2676; x_wconf 73' lang='lat' dir='ltr'><strong>inposuern</strong></span> <span class='ocrx_word' id='word_1_196' title='bbox 589 2633 598 2660; x_wconf 89' lang='lat'><strong>,</strong></span> <span class='ocrx_word' id='word_1_197' title='bbox 628 2613 706 2649; x_wconf 81' lang='lat' dir='ltr'><strong>caue·</strong></span> <span class='ocrx_word' id='word_1_198' title='bbox 793 2613 902 2651; x_wconf 83' lang='lat' dir='ltr'><strong>venua.</strong></span> <span class='ocrx_word' id='word_1_199' title='bbox 1006 2659 1010 2665; x_wconf 20' lang='lat'>⁵</span> 
     </span>
     <span class='ocr_line' id='line_1_26' title="bbox 152 2664 1265 2813; baseline -0.004 -25"><span class='ocrx_word' id='word_1_200' title='bbox 152 2726 162 2735; x_wconf 70' lang='grc'><em>”</em></span> <span class='ocrx_word' id='word_1_201' title='bbox 186 2682 249 2788; x_wconf 49' lang='lat' dir='ltr'><strong>⁸Aatltn</strong></span> <span class='ocrx_word' id='word_1_202' title='bbox 262 2664 705 2808; x_wconf 48' lang='grc' dir='ltr'><strong>ἔξὲξὶιιιξ.Μ[ἝἛὶξῗα;ιιὲῖα</strong></span> <span class='ocrx_word' id='word_1_203' title='bbox 783 2726 857 2813; x_wconf 76' lang='lat' dir='ltr'><strong>Ejus</strong></span> <span class='ocrx_word' id='word_1_204' title='bbox 877 2730 1009 2805; x_wconf 80' lang='lat' dir='ltr'><strong>hospitio</strong></span> <span class='ocrx_word' id='word_1_205' title='bbox 1031 2726 1265 2798; x_wconf 83' lang='lat' dir='ltr'><strong>contineretur]</strong></span> 
     </span>
     <span class='ocr_line' id='line_1_27' title="bbox 740 2799 1260 2874; baseline -0.006 -20"><span class='ocrx_word' id='word_1_206' title='bbox 740 2802 890 2874; x_wconf 79' lang='lat' dir='ltr'><strong>llofpttum</strong></span> <span class='ocrx_word' id='word_1_207' title='bbox 928 2816 1051 2853; x_wconf 83' lang='lat' dir='ltr'><strong>numero</strong></span> <span class='ocrx_word' id='word_1_208' title='bbox 1089 2799 1260 2853; x_wconf 85' lang='lat' dir='ltr'><strong>baberetur.</strong></span> 
     </span>
     <span class='ocr_line' id='line_1_28' title="bbox 241 2863 1262 2941; baseline -0.005 -16"><span class='ocrx_word' id='word_1_209' title='bbox 241 2868 356 2925; x_wconf 82' lang='lat' dir='ltr'><strong>Horum</strong></span> <span class='ocrx_word' id='word_1_210' title='bbox 379 2867 412 2923; x_wconf 88' lang='lat' dir='ltr'><strong>in</strong></span> <span class='ocrx_word' id='word_1_211' title='bbox 437 2863 615 2934; x_wconf 84' lang='lat' dir='ltr'><strong>numerum]</strong></span> <span class='ocrx_word' id='word_1_212' title='bbox 649 2868 704 2923; x_wconf 83' lang='grc' dir='ltr'><strong>Μι.</strong></span> <span class='ocrx_word' id='word_1_213' title='bbox 742 2870 803 2923; x_wconf 85' lang='lat' dir='ltr'><strong>Cic.</strong></span> <span class='ocrx_word' id='word_1_214' title='bbox 824 2869 891 2924; x_wconf 90' lang='lat' dir='ltr'><strong>Non</strong></span> <span class='ocrx_word' id='word_1_215' title='bbox 906 2869 987 2925; x_wconf 86' lang='lat' dir='ltr'><strong>enim</strong></span> <span class='ocrx_word' id='word_1_216' title='bbox 1003 2885 1070 2922; x_wconf 80' lang='lat' dir='ltr'><strong>mec</strong></span> <span class='ocrx_word' id='word_1_217' title='bbox 1088 2867 1195 2941; x_wconf 68' lang='lat' dir='ltr'><strong>gratio</strong></span> <span class='ocrx_word' id='word_1_218' title='bbox 1210 2865 1262 2938; x_wconf 85' lang='lat' dir='ltr'><strong>fu·</strong></span> 
     </span>
     <span class='ocr_line' id='line_1_29' title="bbox 187 2933 1262 2993; baseline -0.005 0"><span class='ocrx_word' id='word_1_219' title='bbox 187 2939 320 2993; x_wconf 79' lang='lat' dir='ltr'><strong>Boeelcr.</strong></span> <span class='ocrx_word' id='word_1_220' title='bbox 338 2947 368 2990; x_wconf 87' lang='lat' dir='ltr'><strong>et</strong></span> <span class='ocrx_word' id='word_1_221' title='bbox 391 2935 430 2989; x_wconf 86' lang='lat' dir='ltr'><strong>ali</strong></span> <span class='ocrx_word' id='word_1_222' title='bbox 474 2947 514 2992; x_wconf 90' lang='lat' dir='ltr'><strong>ot.</strong></span> <span class='ocrx_word' id='word_1_223' title='bbox 533 2934 619 2990; x_wconf 89' lang='lat' dir='ltr'><strong>codd.</strong></span> <span class='ocrx_word' id='word_1_224' title='bbox 639 2933 704 2990; x_wconf 81' lang='lat' dir='ltr'><strong>bor.</strong></span> <span class='ocrx_word' id='word_1_225' title='bbox 740 2934 971 2993; x_wconf 85' lang='lat' dir='ltr'><strong>miliaritctibus</strong></span> <span class='ocrx_word' id='word_1_226' title='bbox 986 2937 1165 2992; x_wconf 80' lang='lat' dir='ltr'><strong>continetur.</strong></span> <span class='ocrx_word' id='word_1_227' title='bbox 1184 2934 1262 2989; x_wconf 85' lang='lat' dir='ltr'><strong>Geb-</strong></span> 
     </span>
     <span class='ocr_line' id='line_1_30' title="bbox 187 3001 1264 3078; baseline -0.006 -14"><span class='ocrx_word' id='word_1_228' title='bbox 187 3008 223 3064; x_wconf 89' lang='lat' dir='ltr'><strong>in</strong></span> <span class='ocrx_word' id='word_1_229' title='bbox 240 3025 374 3062; x_wconf 89' lang='lat' dir='ltr'><strong>numero.</strong></span> <span class='ocrx_word' id='word_1_230' title='bbox 391 3006 435 3059; x_wconf 88' lang='lat' dir='ltr'><strong>Bo</strong></span> <span class='ocrx_word' id='word_1_231' title='bbox 455 3021 498 3059; x_wconf 83' lang='lat' dir='ltr'><strong>ua.</strong></span> <span class='ocrx_word' id='word_1_232' title='bbox 534 3005 570 3060; x_wconf 82' lang='lat' dir='ltr'><strong>ln</strong></span> <span class='ocrx_word' id='word_1_233' title='bbox 584 3023 708 3060; x_wconf 87' lang='lat' dir='ltr'><strong>numero</strong></span> <span class='ocrx_word' id='word_1_234' title='bbox 741 3003 857 3060; x_wconf 79' lang='lat' dir='ltr'><strong>hardus.</strong></span> <span class='ocrx_word' id='word_1_235' title='bbox 897 3007 970 3060; x_wconf 83' lang='lat' dir='ltr'><strong>Cum</strong></span> <span class='ocrx_word' id='word_1_236' title='bbox 983 3006 1080 3078; x_wconf 82' lang='lat' dir='ltr'><strong>qucei</strong></span> <span class='ocrx_word' id='word_1_237' title='bbox 1095 3001 1264 3074; x_wconf 77' lang='lat' dir='ltr'><strong>hospitium</strong></span> 
     </span>
     <span class='ocr_line' id='line_1_31' title="bbox 95 3071 1261 3145; baseline -0.003 -16"><span class='ocrx_word' id='word_1_238' title='bbox 95 3082 97 3087; x_wconf 87' lang='lat'>&#39;</span> <span class='ocrx_word' id='word_1_239' title='bbox 190 3075 277 3129; x_wconf 86' lang='lat' dir='ltr'><strong>etiam</strong></span> <span class='ocrx_word' id='word_1_240' title='bbox 293 3074 371 3131; x_wconf 79' lang='lat' dir='ltr'><strong>Voss.</strong></span> <span class='ocrx_word' id='word_1_241' title='bbox 385 3073 421 3128; x_wconf 73' lang='lat' dir='ltr'><strong>A.</strong></span> <span class='ocrx_word' id='word_1_242' title='bbox 436 3077 470 3129; x_wconf 92' lang='lat' dir='ltr'><strong>B.</strong></span> <span class='ocrx_word' id='word_1_243' title='bbox 491 3073 521 3126; x_wconf 90' lang='lat' dir='ltr'><strong>in</strong></span> <span class='ocrx_word' id='word_1_244' title='bbox 538 3071 662 3127; x_wconf 86' lang='lat' dir='ltr'><strong>Miltiad.</strong></span> <span class='ocrx_word' id='word_1_245' title='bbox 678 3093 703 3125; x_wconf 90' lang='lat' dir='ltr'><strong>c.</strong></span> <span class='ocrx_word' id='word_1_246' title='bbox 741 3079 834 3135; x_wconf 82' lang='lat' dir='ltr'><strong>esset,</strong></span> <span class='ocrx_word' id='word_1_247' title='bbox 860 3082 935 3139; x_wconf 87' lang='lat' dir='ltr'><strong>uta,</strong></span> <span class='ocrx_word' id='word_1_248' title='bbox 952 3076 980 3139; x_wconf 85' lang='lat'><strong>8,</strong></span> <span class='ocrx_word' id='word_1_249' title='bbox 998 3077 1024 3129; x_wconf 84' lang='lat'><strong>3.</strong></span> <span class='ocrx_word' id='word_1_250' title='bbox 1044 3072 1184 3145; x_wconf 84' lang='lat' dir='ltr'><strong>loquitur.</strong></span> <span class='ocrx_word' id='word_1_251' title='bbox 1221 3074 1261 3125; x_wconf 85' lang='lat' dir='ltr'><strong>V.</strong></span> 
     </span>
     <span class='ocr_line' id='line_1_32' title="bbox 188 3139 1263 3213; baseline -0.007 -13"><span class='ocrx_word' id='word_1_252' title='bbox 188 3144 216 3200; x_wconf 80' lang='lat' dir='ltr'><strong>b.</strong></span> <span class='ocrx_word' id='word_1_253' title='bbox 235 3162 310 3199; x_wconf 88' lang='lat' dir='ltr'><strong>num.</strong></span> <span class='ocrx_word' id='word_1_254' title='bbox 329 3147 356 3211; x_wconf 76' lang='grc'><strong>4.</strong></span> <span class='ocrx_word' id='word_1_255' title='bbox 384 3142 415 3194; x_wconf 90' lang='lat' dir='ltr'><strong>in</strong></span> <span class='ocrx_word' id='word_1_256' title='bbox 434 3142 512 3198; x_wconf 81' lang='lat' dir='ltr'><strong>Voss&#39;.</strong></span> <span class='ocrx_word' id='word_1_257' title='bbox 533 3143 567 3195; x_wconf 92' lang='lat' dir='ltr'><strong>B.</strong></span> <span class='ocrx_word' id='word_1_258' title='bbox 590 3141 623 3196; x_wconf 88' lang='lat' dir='ltr'><strong>in</strong></span> <span class='ocrx_word' id='word_1_259' title='bbox 644 3141 709 3198; x_wconf 81' lang='lat' dir='ltr'><strong>acie</strong></span> <span class='ocrx_word' id='word_1_260' title='bbox 741 3139 804 3195; x_wconf 90' lang='lat' dir='ltr'><strong>lnd.</strong></span> <span class='ocrx_word' id='word_1_261' title='bbox 830 3141 947 3212; x_wconf 77' lang='lat' dir='ltr'><strong>hospes.</strong></span> <span class='ocrx_word' id='word_1_262' title='bbox 971 3142 1077 3195; x_wconf 78' lang='lat' dir='ltr'><strong>botius.</strong></span> <span class='ocrx_word' id='word_1_263' title='bbox 1134 3141 1157 3193; x_wconf 91' lang='grc' dir='ltr'>Ε</span> <span class='ocrx_word' id='word_1_264' title='bbox 1179 3139 1263 3213; x_wconf 66' lang='lat' dir='ltr'><strong>regie</strong></span> 
     </span>
     <span class='ocr_line' id='line_1_33' title="bbox 187 3207 1264 3288; baseline -0.005 -21"><span class='ocrx_word' id='word_1_265' title='bbox 187 3210 343 3288; x_wconf 79' lang='lat' dir='ltr'><strong>produxit.</strong></span> <span class='ocrx_word' id='word_1_266' title='bbox 369 3209 400 3264; x_wconf 90' lang='lat' dir='ltr'><strong>in</strong></span> <span class='ocrx_word' id='word_1_267' title='bbox 425 3212 521 3265; x_wconf 85' lang='lat' dir='ltr'><strong>Dione</strong></span> <span class='ocrx_word' id='word_1_268' title='bbox 546 3226 609 3281; x_wconf 86' lang='lat' dir='ltr'><strong>cap.</strong></span> <span class='ocrx_word' id='word_1_269' title='bbox 631 3212 657 3267; x_wconf 82' lang='lat'><strong>6.</strong></span> <span class='ocrx_word' id='word_1_270' title='bbox 678 3210 707 3262; x_wconf 88' lang='lat' dir='ltr'><strong>in</strong></span> <span class='ocrx_word' id='word_1_271' title='bbox 741 3210 863 3263; x_wconf 82' lang='lat' dir='ltr'><strong>verbum</strong></span> <span class='ocrx_word' id='word_1_272' title='bbox 887 3210 1091 3266; x_wconf 76' lang='lat' dir='ltr'><strong>contineretur</strong></span> <span class='ocrx_word' id='word_1_273' title='bbox 1109 3207 1140 3261; x_wconf 86' lang='lat' dir='ltr'><strong>ill</strong></span> <span class='ocrx_word' id='word_1_274' title='bbox 1171 3209 1264 3263; x_wconf 85' lang='lat' dir='ltr'><strong>travit</strong></span> 
     </span>
     <span class='ocr_line' id='line_1_34' title="bbox 187 3276 1261 3357; baseline -0.005 -22"><span class='ocrx_word' id='word_1_275' title='bbox 187 3281 339 3357; x_wconf 81' lang='lat' dir='ltr'><strong>plerisque</strong></span> <span class='ocrx_word' id='word_1_276' title='bbox 351 3279 411 3334; x_wconf 78' lang='lat' dir='ltr'><strong>Mll&#39;.</strong></span> <span class='ocrx_word' id='word_1_277' title='bbox 430 3279 463 3333; x_wconf 85' lang='lat' dir='ltr'><strong>in</strong></span> <span class='ocrx_word' id='word_1_278' title='bbox 472 3276 709 3343; x_wconf 75' lang='lat' dir='ltr'><strong>filiosuamuim</strong></span> <span class='ocrx_word' id='word_1_279' title='bbox 743 3277 843 3332; x_wconf 86' lang='lat' dir='ltr'><strong>Celeb.</strong></span> <span class='ocrx_word' id='word_1_280' title='bbox 863 3281 996 3335; x_wconf 77' lang='lat' dir='ltr'><strong>Dukerus</strong></span> <span class='ocrx_word' id='word_1_281' title='bbox 1012 3277 1049 3331; x_wconf 88' lang='lat' dir='ltr'><strong>ad</strong></span> <span class='ocrx_word' id='word_1_282' title='bbox 1062 3277 1182 3330; x_wconf 81' lang='lat' dir='ltr'><strong>Florum</strong></span> <span class='ocrx_word' id='word_1_283' title='bbox 1192 3276 1224 3328; x_wconf 89' lang='lat'><strong>1..</strong></span> <span class='ocrx_word' id='word_1_284' title='bbox 1232 3280 1261 3342; x_wconf 71' lang='grc'><strong>4.</strong></span> 
     </span>
     <span class='ocr_line' id='line_1_35' title="bbox 189 3346 1264 3418; baseline -0.008 -11"><span class='ocrx_word' id='word_1_285' title='bbox 189 3349 333 3408; x_wconf 74' lang='lat' dir='ltr'><strong>exercuit.</strong></span> <span class='ocrx_word' id='word_1_286' title='bbox 363 3349 420 3401; x_wconf 85' lang='lat' dir='ltr'><strong>Per</strong></span> <span class='ocrx_word' id='word_1_287' title='bbox 442 3358 508 3400; x_wconf 79' lang='lat' dir='ltr'><strong>etue</strong></span> <span class='ocrx_word' id='word_1_288' title='bbox 533 3346 706 3400; x_wconf 87' lang='lat' dir='ltr'><strong>variatione.</strong></span> <span class='ocrx_word' id='word_1_289' title='bbox 742 3361 805 3418; x_wconf 87' lang='lat' dir='ltr'><strong>cap.</strong></span> <span class='ocrx_word' id='word_1_290' title='bbox 827 3364 852 3401; x_wconf 85' lang='lat' dir='ltr'><strong>a.</strong></span> <span class='ocrx_word' id='word_1_291' title='bbox 892 3364 969 3402; x_wconf 88' lang='lat' dir='ltr'><strong>uum.</strong></span> <span class='ocrx_word' id='word_1_292' title='bbox 994 3349 1034 3402; x_wconf 82' lang='lat'><strong>13.</strong></span> <span class='ocrx_word' id='word_1_293' title='bbox 1064 3364 1118 3401; x_wconf 87' lang='lat' dir='ltr'><strong>con</strong></span> <span class='ocrx_word' id='word_1_294' title='bbox 1146 3351 1264 3400; x_wconf 83' lang='lat' dir='ltr'><strong>rmuret</strong></span> 
     </span>
     <span class='ocr_line' id='line_1_36' title="bbox 189 3366 1261 3489; baseline -0.006 -17"><span class='ocrx_word' id='word_1_295' title='bbox 189 3417 265 3473; x_wconf 91' lang='lat' dir='ltr'><strong>Vide</strong></span> <span class='ocrx_word' id='word_1_296' title='bbox 279 3417 358 3472; x_wconf 81' lang='lat' dir='ltr'><strong>clar.</strong></span> <span class='ocrx_word' id='word_1_297' title='bbox 372 3366 561 3488; x_wconf 68' lang='lat' dir='ltr'><strong>Oudendorp.</strong></span> <span class='ocrx_word' id='word_1_298' title='bbox 571 3410 707 3468; x_wconf 84' lang='lat' dir='ltr'><strong>adFron-</strong></span> <span class='ocrx_word' id='word_1_299' title='bbox 741 3415 816 3467; x_wconf 86' lang='lat' dir='ltr'><strong>mele</strong></span> <span class='ocrx_word' id='word_1_300' title='bbox 828 3415 859 3468; x_wconf 90' lang='lat' dir='ltr'><strong>in</strong></span> <span class='ocrx_word' id='word_1_301' title='bbox 875 3412 1045 3489; x_wconf 73' lang='lat' dir='ltr'><strong>quibusdum</strong></span> <span class='ocrx_word' id='word_1_302' title='bbox 1060 3414 1102 3467; x_wconf 80' lang='lat' dir='ltr'><strong>Ed</strong></span> <span class='ocrx_word' id='word_1_303' title='bbox 1124 3414 1261 3486; x_wconf 63' lang='lat' dir='ltr'><strong>degitur.</strong></span> 
     </span>
     <span class='ocr_line' id='line_1_37' title="bbox 189 3482 1259 3554; baseline -0.003 -15"><span class='ocrx_word' id='word_1_304' title='bbox 189 3485 243 3539; x_wconf 88' lang='lat' dir='ltr'><strong>tin.</strong></span> <span class='ocrx_word' id='word_1_305' title='bbox 263 3483 330 3538; x_wconf 87' lang='lat' dir='ltr'><strong>Lib.</strong></span> <span class='ocrx_word' id='word_1_306' title='bbox 350 3501 374 3536; x_wconf 89' lang='grc' dir='ltr'><strong>ι.</strong></span> <span class='ocrx_word' id='word_1_307' title='bbox 394 3485 519 3554; x_wconf 76' lang='lat' dir='ltr'><strong>Stratcg.</strong></span> <span class='ocrx_word' id='word_1_308' title='bbox 537 3499 568 3535; x_wconf 87' lang='lat' dir='ltr'><strong>ca</strong></span> <span class='ocrx_word' id='word_1_309' title='bbox 592 3518 600 3536; x_wconf 94' lang='lat'><strong>.</strong></span> <span class='ocrx_word' id='word_1_310' title='bbox 618 3499 658 3535; x_wconf 91' lang='grc' dir='ltr'><strong>ιο.</strong></span> <span class='ocrx_word' id='word_1_311' title='bbox 679 3500 706 3535; x_wconf 89' lang='grc' dir='ltr'><strong>ιι.</strong></span> <span class='ocrx_word' id='word_1_312' title='bbox 742 3493 821 3535; x_wconf 84' lang='lat' dir='ltr'><strong>recte</strong></span> <span class='ocrx_word' id='word_1_313' title='bbox 842 3485 897 3538; x_wconf 84' lang='grc' dir='ltr'><strong>Μι.</strong></span> <span class='ocrx_word' id='word_1_314' title='bbox 915 3482 996 3537; x_wconf 86' lang='lat' dir='ltr'><strong>Leid.</strong></span> <span class='ocrx_word' id='word_1_315' title='bbox 1017 3501 1055 3537; x_wconf 87' lang='lat' dir='ltr'><strong>m.</strong></span> <span class='ocrx_word' id='word_1_316' title='bbox 1077 3494 1106 3537; x_wconf 86' lang='lat' dir='ltr'><strong>rt</strong></span> <span class='ocrx_word' id='word_1_317' title='bbox 1129 3488 1206 3539; x_wconf 66' lang='lat' dir='ltr'><strong>toss‘.</strong></span> <span class='ocrx_word' id='word_1_318' title='bbox 1223 3483 1259 3537; x_wconf 80' lang='grc' dir='ltr'><strong>Α.</strong></span> 
     </span>
     <span class='ocr_line' id='line_1_38' title="bbox 189 3547 1260 3673; baseline -0.005 -65"><span class='ocrx_word' id='word_1_319' title='bbox 189 3572 215 3608; x_wconf 82' lang='lat' dir='ltr'><strong>a.</strong></span> <span class='ocrx_word' id='word_1_320' title='bbox 232 3552 347 3608; x_wconf 78' lang='lat' dir='ltr'><strong>Munclt.</strong></span> <span class='ocrx_word' id='word_1_321' title='bbox 366 3549 402 3604; x_wconf 87' lang='lat' dir='ltr'><strong>ud</strong></span> <span class='ocrx_word' id='word_1_322' title='bbox 418 3549 554 3624; x_wconf 74' lang='lat' dir='ltr'><strong>Hygini</strong></span> <span class='ocrx_word' id='word_1_323' title='bbox 590 3552 659 3606; x_wconf 83' lang='lat' dir='ltr'><strong>.bc.</strong></span> <span class='ocrx_word' id='word_1_324' title='bbox 679 3561 709 3604; x_wconf 83' lang='lat' dir='ltr'><strong>et</strong></span> <span class='ocrx_word' id='word_1_325' title='bbox 742 3548 775 3603; x_wconf 87' lang='lat' dir='ltr'><strong>C.</strong></span> <span class='ocrx_word' id='word_1_326' title='bbox 793 3548 868 3619; x_wconf 83' lang='lat' dir='ltr'><strong>[Gu.</strong></span> <span class='ocrx_word' id='word_1_327' title='bbox 888 3547 967 3673; x_wconf 42' lang='lat' dir='ltr'><strong>mn}</strong></span> <span class='ocrx_word' id='word_1_328' title='bbox 990 3550 1201 3616; x_wconf 78' lang='lat' dir='ltr'><strong>confirmarat.</strong></span> <span class='ocrx_word' id='word_1_329' title='bbox 1226 3569 1260 3604; x_wconf 81' lang='lat' dir='ltr'><strong>v.</strong></span> 
     </span>
     <span class='ocr_line' id='line_1_39' title="bbox 189 3616 947 3690; baseline -0.005 -14"><span class='ocrx_word' id='word_1_330' title='bbox 189 3640 232 3690; x_wconf 77' lang='lat' dir='ltr'><strong>qa.</strong></span> <span class='ocrx_word' id='word_1_331' title='bbox 251 3619 379 3674; x_wconf 77' lang='lat' dir='ltr'><strong>Broulth.</strong></span> <span class='ocrx_word' id='word_1_332' title='bbox 398 3619 435 3675; x_wconf 88' lang='lat' dir='ltr'><strong>ad</strong></span> <span class='ocrx_word' id='word_1_333' title='bbox 448 3624 507 3677; x_wconf 85' lang='lat' dir='ltr'><strong>Pro</strong></span> <span class='ocrx_word' id='word_1_334' title='bbox 530 3628 585 3674; x_wconf 89' lang='lat' dir='ltr'><strong>ert.</strong></span> <span class='ocrx_word' id='word_1_335' title='bbox 604 3617 706 3673; x_wconf 65' lang='lat' dir='ltr'><strong>Lina.</strong></span> <span class='ocrx_word' id='word_1_336' title='bbox 742 3616 820 3672; x_wconf 84' lang='lat' dir='ltr'><strong>Clar.</strong></span> <span class='ocrx_word' id='word_1_337' title='bbox 845 3618 947 3673; x_wconf 82' lang='lat' dir='ltr'><strong>Oudon</strong></span> 
     </span>
     <span class='ocr_line' id='line_1_40' title="bbox 190 3683 1258 3764; baseline 0 -22"><span class='ocrx_word' id='word_1_338' title='bbox 190 3691 233 3742; x_wconf 83' lang='grc' dir='ltr'><strong>ΕΙ.</strong></span> <span class='ocrx_word' id='word_1_339' title='bbox 249 3707 275 3758; x_wconf 86' lang='lat'><strong>7.</strong></span> <span class='ocrx_word' id='word_1_340' title='bbox 295 3705 371 3741; x_wconf 83' lang='lat' dir='ltr'><strong>vora.</strong></span> <span class='ocrx_word' id='word_1_341' title='bbox 389 3693 432 3746; x_wconf 85' lang='lat'><strong>50.</strong></span> <span class='ocrx_word' id='word_1_342' title='bbox 447 3700 476 3743; x_wconf 90' lang='lat' dir='ltr'><strong>et</strong></span> <span class='ocrx_word' id='word_1_343' title='bbox 519 3684 627 3743; x_wconf 82' lang='lat' dir='ltr'><strong>ort.ed</strong></span> <span class='ocrx_word' id='word_1_344' title='bbox 643 3687 706 3741; x_wconf 84' lang='lat' dir='ltr'><strong>Sal·</strong></span> <span class='ocrx_word' id='word_1_345' title='bbox 739 3683 805 3739; x_wconf 89' lang='lat' dir='ltr'><strong>Lib.</strong></span> <span class='ocrx_word' id='word_1_346' title='bbox 828 3685 855 3743; x_wconf 81' lang='lat'><strong>3.</strong></span> <span class='ocrx_word' id='word_1_347' title='bbox 879 3688 991 3764; x_wconf 79' lang='lat' dir='ltr'><strong>strateg.</strong></span> <span class='ocrx_word' id='word_1_348' title='bbox 1014 3687 1107 3762; x_wconf 75' lang='lat' dir='ltr'><strong>praei.</strong></span> <span class='ocrx_word' id='word_1_349' title='bbox 1135 3688 1258 3742; x_wconf 74' lang='lat' dir='ltr'><strong>nunud.</strong></span> 
     </span>
     <span class='ocr_line' id='line_1_41' title="bbox 189 3751 1262 3878; baseline 0.001 -71"><span class='ocrx_word' id='word_1_350' title='bbox 189 3757 250 3812; x_wconf 83' lang='lat' dir='ltr'><strong>lutt.</strong></span> <span class='ocrx_word' id='word_1_351' title='bbox 272 3757 333 3812; x_wconf 87' lang='lat' dir='ltr'><strong>Cat.</strong></span> <span class='ocrx_word' id='word_1_352' title='bbox 349 3773 413 3831; x_wconf 83' lang='lat' dir='ltr'><strong>cap.</strong></span> <span class='ocrx_word' id='word_1_353' title='bbox 431 3775 469 3826; x_wconf 70' lang='grc' dir='ltr'><strong>ιι).</strong></span> <span class='ocrx_word' id='word_1_354' title='bbox 490 3776 519 3810; x_wconf 92' lang='lat' dir='ltr'><strong>n.</strong></span> <span class='ocrx_word' id='word_1_355' title='bbox 536 3757 562 3812; x_wconf 79' lang='lat'><strong>³.</strong></span> <span class='ocrx_word' id='word_1_356' title='bbox 583 3756 613 3808; x_wconf 91' lang='lat' dir='ltr'><strong>in</strong></span> <span class='ocrx_word' id='word_1_357' title='bbox 628 3754 705 3814; x_wconf 79' lang='lat' dir='ltr'><strong>Alci·</strong></span> <span class='ocrx_word' id='word_1_358' title='bbox 740 3751 817 3878; x_wconf 52' lang='grc' dir='ltr'><strong>ἓιιὶᾶ</strong></span> <span class='ocrx_word' id='word_1_359' title='bbox 830 3773 885 3828; x_wconf 88' lang='lat' dir='ltr'><strong>per</strong></span> <span class='ocrx_word' id='word_1_360' title='bbox 901 3757 972 3811; x_wconf 87' lang='lat' dir='ltr'><strong>baec</strong></span> <span class='ocrx_word' id='word_1_361' title='bbox 986 3757 1077 3811; x_wconf 84' lang='lat' dir='ltr'><strong>verba</strong></span> <span class='ocrx_word' id='word_1_362' title='bbox 1096 3757 1262 3831; x_wconf 75' lang='lat' dir='ltr'><strong>intelligen-</strong></span> 
     </span>
     <span class='ocr_line' id='line_1_42' title="bbox 189 3821 1260 3897; baseline 0.001 -19"><span class='ocrx_word' id='word_1_363' title='bbox 189 3823 275 3878; x_wconf 86' lang='lat' dir='ltr'><strong>biade</strong></span> <span class='ocrx_word' id='word_1_364' title='bbox 300 3840 364 3896; x_wconf 90' lang='lat' dir='ltr'><strong>cap.</strong></span> <span class='ocrx_word' id='word_1_365' title='bbox 379 3833 405 3897; x_wconf 73' lang='grc'><strong>4.</strong></span> <span class='ocrx_word' id='word_1_366' title='bbox 423 3825 453 3879; x_wconf 93' lang='lat' dir='ltr'><strong>in</strong></span> <span class='ocrx_word' id='word_1_367' title='bbox 467 3827 522 3880; x_wconf 81' lang='lat' dir='ltr'><strong>Ma.</strong></span> <span class='ocrx_word' id='word_1_368' title='bbox 534 3821 615 3880; x_wconf 88' lang='lat' dir='ltr'><strong>Leid.</strong></span> <span class='ocrx_word' id='word_1_369' title='bbox 642 3821 706 3878; x_wconf 84' lang='lat' dir='ltr'><strong>Hoc</strong></span> <span class='ocrx_word' id='word_1_370' title='bbox 760 3840 807 3875; x_wconf 88' lang='lat' dir='ltr'><strong>um</strong></span> <span class='ocrx_word' id='word_1_371' title='bbox 826 3826 882 3889; x_wconf 85' lang='lat' dir='ltr'><strong>ait,</strong></span> <span class='ocrx_word' id='word_1_372' title='bbox 901 3823 987 3880; x_wconf 84' lang='lat' dir='ltr'><strong>docet</strong></span> <span class='ocrx_word' id='word_1_373' title='bbox 1001 3824 1136 3880; x_wconf 79' lang='lat' dir='ltr'><strong>Perizon.</strong></span> <span class='ocrx_word' id='word_1_374' title='bbox 1150 3824 1188 3879; x_wconf 91' lang='lat' dir='ltr'><strong>ad</strong></span> <span class='ocrx_word' id='word_1_375' title='bbox 1202 3824 1260 3879; x_wconf 73' lang='lat' dir='ltr'><strong>Ae-</strong></span> 
     </span>
     <span class='ocr_line' id='line_1_43' title="bbox 190 3889 1258 3969; baseline -0.001 -20"><span class='ocrx_word' id='word_1_376' title='bbox 190 3893 317 3949; x_wconf 86' lang='lat' dir='ltr'><strong>crimine</strong></span> <span class='ocrx_word' id='word_1_377' title='bbox 339 3895 373 3948; x_wconf 85' lang='lat' dir='ltr'><strong>in</strong></span> <span class='ocrx_word' id='word_1_378' title='bbox 389 3893 578 3951; x_wconf 84' lang='lat' dir='ltr'><strong>contentione</strong></span> <span class='ocrx_word' id='word_1_379' title='bbox 592 3889 630 3947; x_wconf 83' lang='lat' dir='ltr'><strong>cb</strong></span> <span class='ocrx_word' id='word_1_380' title='bbox 644 3892 700 3948; x_wconf 88' lang='lat' dir='ltr'><strong>ini·</strong></span> <span class='ocrx_word' id='word_1_381' title='bbox 740 3894 811 3947; x_wconf 86' lang='lat' dir='ltr'><strong>liun.</strong></span> <span class='ocrx_word' id='word_1_382' title='bbox 842 3891 908 3949; x_wconf 86' lang='lat' dir='ltr'><strong>Lib.</strong></span> <span class='ocrx_word' id='word_1_383' title='bbox 932 3911 989 3948; x_wconf 91' lang='grc' dir='ltr'><strong>ιιι.</strong></span> <span class='ocrx_word' id='word_1_384' title='bbox 1015 3896 1053 3951; x_wconf 87' lang='lat' dir='ltr'><strong>V.</strong></span> <span class='ocrx_word' id='word_1_385' title='bbox 1074 3896 1112 3948; x_wconf 84' lang='grc' dir='ltr'><strong>Η.</strong></span> <span class='ocrx_word' id='word_1_386' title='bbox 1131 3909 1198 3969; x_wconf 74' lang='lat' dir='ltr'><strong>rep.</strong></span> <span class='ocrx_word' id='word_1_387' title='bbox 1214 3910 1258 3948; x_wconf 84' lang='lat' dir='ltr'><strong>ao.</strong></span> 
     </span>
     <span class='ocr_line' id='line_1_44' title="bbox 190 3959 857 4034; baseline -0.004 -15"><span class='ocrx_word' id='word_1_388' title='bbox 190 3961 278 4019; x_wconf 84' lang='lat' dir='ltr'><strong>micis</strong></span> <span class='ocrx_word' id='word_1_389' title='bbox 292 3959 538 4034; x_wconf 81' lang='lat' dir='ltr'><strong>compellabatur.</strong></span> <span class='ocrx_word' id='word_1_390' title='bbox 563 3963 594 4018; x_wconf 85' lang='lat' dir='ltr'><strong>in</strong></span> <span class='ocrx_word' id='word_1_391' title='bbox 610 3959 706 4017; x_wconf 79' lang='lat' dir='ltr'><strong>Timo·</strong></span> <span class='ocrx_word' id='word_1_392' title='bbox 739 3977 817 4017; x_wconf 86' lang='lat' dir='ltr'><strong>uum.</strong></span> <span class='ocrx_word' id='word_1_393' title='bbox 831 3978 857 4017; x_wconf 85' lang='lat' dir='ltr'><strong>a.</strong></span> 
     </span>
    </p>
   </div>
   <div class='ocr_carea' id='block_1_6' title="bbox 969 3619 1260 3693">
    <p class='ocr_par' dir='ltr' id='par_1_6' title="bbox 969 3619 1260 3693">
     <span class='ocr_line' id='line_1_45' title="bbox 969 3619 1260 3693; baseline -0.014 -19"><span class='ocrx_word' id='word_1_394' title='bbox 969 3639 1034 3693; x_wconf 87' lang='lat' dir='ltr'><strong>orp.</strong></span> <span class='ocrx_word' id='word_1_395' title='bbox 1057 3619 1093 3673; x_wconf 86' lang='lat' dir='ltr'><strong>ad</strong></span> <span class='ocrx_word' id='word_1_396' title='bbox 1125 3619 1260 3676; x_wconf 88' lang='lat' dir='ltr'><strong>Frontin.</strong></span> 
     </span>
    </p>
   </div>
   <div class='ocr_carea' id='block_1_7' title="bbox 0 0 1316 5176">
    <p class='ocr_par' dir='ltr' id='par_1_7' title="bbox 0 0 1316 5176">
     <span class='ocr_line' id='line_1_46' title="bbox 0 0 1316 5176; baseline 0 1"><span class='ocrx_word' id='word_1_397' title='bbox 0 0 1316 5176; x_wconf 95' lang='lat' dir='ltr'><strong> </strong></span> 
     </span>
    </p>
   </div>
  </div>
 </body>
</html>
