2624 5176
398 594 412 623 Ι

881 740 889 775 l.

350 797 805 864 rasrtuoutt.
899 768 910 797 ⁸
1050 788 1120 871 ,ῆι

52 917 1113 959 l······-·--·—·—·-—--—-—·--·-----

51 1001 177 1076 caolet,
200 1001 346 1066 libellum
359 1003 398 1066 dc
416 1005 496 1068 vitis
513 1004 704 1082 illustribus,
723 1008 778 1092 qui
789 1007 896 1072 Plinio
906 1011 1004 1073 tribui
1023 1013 1117 1088 solct,

53 1109 195 1173 Cornelii
209 1112 346 1195 Nepotis
357 1111 442 1187 elle,
464 1111 549 1175 haud
564 1114 679 1176 Plinii:
700 1127 793 1198 atquc
807 1114 841 1175 id
851 1117 1013 1185 veteribus
1023 1119 1118 1183 codd.

10 1232 12 1239 ·
52 1213 164 1278 odilrui
179 1217 269 1301 polle
285 1218 448 1282 offecerat.
487 1220 591 1283 Etiam
606 1221 677 1282 Joni
693 1220 772 1283 haec
787 1221 949 1285 Parrhasii
963 1223 1119 1287 sententis

54 1319 121 1383 luit.
163 1324 274 1387 Utrius
285 1324 346 1398 sit,
367 1323 506 1388 dubitari
521 1325 725 1399 divinetur,
744 1347 805 1388 nec
820 1348 857 1390 ea
872 1327 912 1392 do
931 1350 967 1392 re
982 1327 1118 1395 [latuere

56 1429 220 1512 quicquam
233 1429 324 1491 aulus
347 1428 400 1494 eil.
442 1435 508 1493 lma
524 1433 622 1517 aliqui
651 1445 704 1493 aut
729 1433 933 1508 Suetonium,
957 1449 1009 1498 eut
1024 1438 1117 1501 Taci-

56 1546 133 1610 tum,
154 1538 219 1599 elle
246 1552 425 1610 auctorem,
455 1526 624 1620 putarant:
648 1552 684 1599 ut
700 1538 825 1601 indict
843 1542 998 1622 Gyreldus
1015 1542 1115 1606 dialo-

10 1677 18 1705 t
56 1645 150 1725 gisano
167 1644 284 1708 XXVl.
303 1692 309 1699 .
328 1642 393 1706 Scd
412 1645 540 1706 omnino
561 1643 739 1707 sunt'Sexti
753 1647 878 1709 Aurelii
897 1647 1058 1712 Victoris:
1081 1661 1117 1711 ut

13 1756 20 1795 ἑ
58 1748 119 1810 litis
133 1772 220 1812 nunc
237 1749 356 1815 oonllat
373 1771 412 1813 cx
429 1750 570 1812 editione
585 1749 733 1813 Andreae
751 1752 885 1815 Schotti.
915 1758 987 1816 Non
1004 1755 1115 1818 dubito

10 1888 22 1911 .·
59 1854 198 1930 interim,
231 1858 308 1940 quin
327 1857 480 1940 pleraque
499 1878 537 1918 cx
553 1864 676 1940 Nepote
689 1861 802 1924 Victor
819 1858 1014 1921 delumserit.
1036 1864 1116 1931 Nam

10 2002 23 2015 -
61 1965 132 2047 quod
148 1964 334 2027 Ludovicus
352 1962 535 2059 Vivcsd'd).
546 1966 585 2028 V.
602 1964 641 2025 dc
660 1965 824 2027 tradendis
842 1964 1035 2047 disciplinis,
1050 1970 1113 2028 Ne,

10 2110 17 2121 ·
60 2086 153 2155 potatu
167 2073 230 2143 uit,
254 2071 295 2131 de
311 2069 445 2133 Graecis
464 2070 563 2132 solum
580 2071 713 2134 ducibus
731 2071 907 2155 scripsillc,
928 2069 961 2130 id
974 2070 1048 2133 lutis
1060 2092 1112 2134 re·

60 2175 171 2240 tollitur
188 2177 300 2239 serbis
315 2175 450 2259 Nepotis
467 2190 556 2239 antea
572 2177 726 2240 adductis.
767 2177 828 2244 Vir
843 2175 1048 2251 doctillimus,
1058 2181 1112 2241 Jo.

37 2404 42 2419 ¹
86 2392 166 2467 Quae
178 2396 282 2465 itaque
297 2389 409 2448 Gellius
422 2392 455 2448 in
471 2387 558 2447 libris
572 2389 611 2447 cle
626 2389 697 2446 viris
715 2387 884 2446 illustribus
900 2410 931 2449 se
946 2391 1056 2466 legisse
1069 2391 1112 2447 dt.

83 2466 131 2520 eit.
150 2482 189 2521 eo
207 2459 298 2531 uulgo
315 2461 348 2515 in
366 2460 426 2514 cita
443 2462 566 2515 Catonis
582 2460 744 2514 occurrisse
760 2467 905 2515 statuunt.
930 2459 1018 2536 Quod
1035 2459 1113 2516 milii

83 2532 197 2604 quidem
210 2549 273 2585 uon
286 2527 393 2600 placet.
410 2528 547 2583 Primum
560 2527 639 2583 eninr
655 2546 693 2582 ea·
708 2545 741 2582 eo
756 2523 847 2585 libro.
869 2546 953 2599 quem
975 2528 1012 2584 ,le
1027 2531 1110 2583 cato.

82 2621 115 2658 ne
129 2599 298 2675 separatim
316 2599 516 2670 rescripsisse
533 2593 685 2651 Cornelius
700 2598 762 2668 ipse
780 2596 952 2669 profitetur,
975 2598 1112 2653 desumto

82 2688 137 2725 non
155 2678 236 2727 runt.
260 2664 353 2737 Quem
371 2667 451 2721 enim
469 2665 578 2720 librum
597 2673 699 2718 auctor
712 2667 875 2732 separatim
897 2666 934 2722 do
952 2668 1063 2721 Catone
1081 2682 1111 2719 se

83 2741 234 2813 scripsisse
249 2737 337 2799 dicit,
357 2733 483 2791 eltrudem
497 2730 586 2789 simul
601 2735 698 2806 operis
711 2730 864 2806 cujusdam
879 2735 1111 2807 partemfuisse,

114 2814 141 2865 is
155 2824 289 2878 uuquam
307 2801 485 2877 persuadere
501 2802 559 2856 sibi
574 2802 684 2864 possit?
704 2801 817 2857 Deinde
828 2804 861 2856 in
880 2802 956 2868 illa,
973 2823 1047 2876 quae
1060 2821 1112 2857 no·

80 2827 249 2936 livescat,
272 2875 391 2930 Catonis
407 2872 468 2927 uita
486 2871 612 2925 breviori
627 2868 708 2923 locus
722 2869 776 2926 ille
790 2889 881 2943 neque
895 2890 974 2926 nunc
987 2871 1109 2945 legitur,

79 2966 167 3020 neque
186 2959 347 3026 umquam,
367 2939 404 2995 ab
429 2938 519 3011 bajus
539 2935 637 2992 libelli
650 2937 775 2994 consilio
791 2947 876 3011 atque
890 2948 991 2996 tenor-e
1007 2943 1111 3020 quippe

78 3033 198 3091 prorsus
208 3010 344 3077 alicnus,
362 3007 425 3080 legi
433 3009 538 3079 potuit.
560 3006 633 3080 Quis
648 3015 746 3062 autem
757 3007 925 3064 Cornelium
942 3018 987 3063 ter
1002 3011 1038 3066 de
1056 3012 1109 3063 La-

77 3096 143 3141 tone
160 3083 222 3137 scri
242 3083 315 3138 sisse
330 3077 510 3134 arbitretur?
530 3077 676 3130 Desumta
697 3077 797 3146 itaque
812 3078 909 3146 potius
923 3076 1058 3133 uidentur
1073 3096 1111 3133 εχ

78 3157 135 3210 sita
155 3149 262 3206 Albini
283 3148 435 3211 historici,
462 3144 502 3198 ad
520 3161 603 3214 quern
625 3151 780 3214 praeterea
804 3163 851 3198 res
870 3153 997 3198 narrata
1015 3143 1109 3200 multo

76 3223 176 3291 nangis
191 3219 336 3292 pertinet,
356 3232 445 3285 quam
461 3212 501 3267 ad
520 3216 669 3267 Catonem.
689 3214 735 3267 De
756 3210 921 3266 lsocautem
936 3214 1108 3284 inpunitam

76 3290 152 3347 libro
171 3287 263 3343 cerba
277 3284 385 3353 ‘lecerit
402 3279 571 3336 Cornelius.
599 3298 645 3333 res
661 3280 727 3350 ipsa
745 3278 898 3334 declarat:
914 3279 990 3351 jecit
1009 3291 1108 3337 autem

75 3363 139 3418 tine
154 3357 247 3410 dubio
263 3355 295 3408 in
316 3352 371 3408 illo
388 3352 425 3408 tic
444 3349 597 3405 historicis
614 3347 730 3403 latinis.
760 3349 806 3403 lta
824 3356 856 3401 ut
873 3348 1001 3406 bunede
1016 3351 1109 3405 disto.

75 3430 145 3484 ricis
158 3425 266 3480 latinis
277 3421 387 3476 librum
397 3460 410 3487 ,¹
423 3439 507 3491 quem
518 3437 535 3471 a
546 3415 680 3471 Cornelio
696 3418 836 3488 scriptum
844 3415 941 3486 fuisse
952 3426 1108 3491 praeterea

69 3499 250 3570 fragmenta
276 3508 384 3562 auoqite
407 3509 466 3542 non
492 3484 726 3542 contemnendae
752 3488 957 3548 auctoritatis,
987 3505 1015 3541 a.
1044 3488 1107 3543 lac.

76 3569 152 3625 frid.
172 3561 361 3627 Heusingero
378 3556 547 3630 publicata,
566 3563 728 3617 testantur,
747 3573 838 3609 unum
856 3575 894 3611 ex
907 3553 970 3611 illis
985 3555 1021 3611 sle
1036 3558 1108 3610 airis

74 3632 244 3691 illustribus
269 3625 371 3688 luisse.
391 3628 463 3681 satis
487 3631 615 3686 constet,
640 3640 795 3695 eorumque
818 3624 965 3680 decimum
988 3628 1109 3680 tertium

67 3703 164 3776 [uisse
188 3700 335 3767 suspicari
354 3695 450 3750 liceat.
477 3697 554 3745 llaec
574 3692 731 3751 Molchius,
751 3693 830 3758 cujus
847 3693 1005 3745 sentcntiae
1023 3710 1107 3766 pror.

10 3818 12 3831 .
74 3792 118 3826 sus
135 3767 316 3823 accedimns.
341 3766 394 3815 nisi
414 3762 490 3835 qaod
513 3762 664 3824 Albinum,
691 3761 755 3831 qui,
782 3762 892 3815 Graeca
912 3761 1008 3833 lingua
1027 3763 1108 3827 tiliis,

10 3846 13 3897 Ι
72 3843 231 3895 Romanam
251 3836 395 3887 civitatem
412 3832 490 3904 quasi
509 3830 639 3891 swillet,
659 3831 743 3881 ctiam
759 3828 788 3881 in
804 3834 982 3883 (iunctorum
996 3828 1107 3882 histopi,

10 3904 12 3929 '
74 3926 175 3964 corum
191 3919 341 3960 numerum
359 3918 374 3953 u
393 3899 529 3955 Cornelio
546 3898 652 3952 reterri
669 3898 789 3970 potuille
804 3903 964 3972 paternum]

57 4074 89 4133 t)
107 4067 239 4138 [Titulus
258 4063 286 4115 in
298 4060 456 4116 introduct.
469 4081 499 4134 p.
518 4079 557 4121 m.
574 4061 643 4113 hacc
664 4059 783 4114 scribit:
802 4058 1102 4134 Considerantifrag-

72 4145 175 4195 menta
191 4133 354 4203 Scriptoris
371 4134 482 4193 nostri,
512 4130 568 4186 illa
589 4132 760 4204 praecipue,
787 4145 914 4197 quaeso
927 4128 1024 4187 Plinii
1040 4147 1104 4183 ma-

69 4206 149 4281 joris
165 4202 298 4261 Historia
323 4201 464 4255 Naturali
481 4202 645 4268 conquisita
661 4205 746 4259 sunt,
766 4198 968 4254 observabitur
972 4197 1106 4270 sortasse

72 4295 204 4331 mecum.
224 4273 253 4326 C.
272 4270 412 4341 Nepotem
429 4268 515 4343 plura
532 4274 653 4343 insuper
664 4287 753 4338 opera
769 4266 916 4332 edidisse,
934 4285 1056 4338 quorum
1069 4268 1105 4321 ti-

72 4343 150 4398 tulos
161 4344 253 4400 etiam
264 4342 449 4408 ignoramus.
462 4341 594 4411 Namque
606 4346 705 4408 aperte
718 4336 938 4393 docentborum
945 4335 1105 4409 fragmen-

72 4422 173 4468 torum
183 4406 398 4480 compluscula.
422 4408 489 4464 Geo
495 4427 590 4482 grap
600 4407 638 4463 ti
645 4425 659 4459 c
667 4405 839 4529 apscedam
853 4405 890 4459 ab
904 4404 958 4459 illo
967 4423 1029 4462 esse
1038 4423 1104 4458 con·

73 4485 216 4538 cinnatu:
237 4481 311 4533 sicut
322 4496 359 4534 ex
370 4474 439 4532 aliis
452 4476 664 4531 concluserim,
712 4495 727 4529 e
744 4475 899 4545 Antiqui
906 4472 1103 4544 tatibuspe·

73 4550 188 4605 culiare
204 4544 337 4616 ejusdem
351 4564 422 4617 opus
435 4545 583 4618 quoddam
600 4545 757 4600 exstitisse.
775 4543 818 4596 ‚tb
833 4545 884 4595 hoc
895 4542 980 4594 Tituli
993 4551 1104 4593 scaten-

74 4622 112 4672 tia
128 4636 173 4671 me
189 4637 248 4669 nun
267 4618 390 4669 alianum
407 4615 556 4685 profiteor.
575 4612 710 4668 Poiticcu
726 4631 840 4686 quoquc
862 4610 979 4681 attigiffe
996 4611 1103 4664 Corne.

73 4689 162 4755 lium,
181 4686 292 4742 Plinius
309 4683 394 4760 Epib-
413 4687 440 4750 5,
460 4684 486 4740 3.
506 4679 650 4751 teitaun]
