2624 5176
1198 446 1204 459 Ι

429 493 432 500 ι

106 782 108 787 <
186 763 242 840 17e
406 758 706 823 conuenit
755 755 1026 820 uttee'tte

182 962 250 1016 setis
267 959 372 1014 vetusta
391 959 701 1032 scripturaeregione
737 956 804 1010 ilum
830 975 890 1011 non
912 956 967 1021 est,
986 959 1152 1020 lilurebrm,
1179 952 1258 1026 quic-
1292 981 1306 988 -

182 1029 287 1083 borum
302 1028 478 1093 verborum,
496 1024 603 1083 coelem
616 1034 704 1099 patre
737 1025 807 1097 quid
817 1024 1180 1096 contradicatllutgerlius,
1199 1041 1258 1075 rec.

182 1106 300 1161 netos,
327 1106 457 1149 notatum
477 1097 549 1157 elle,
581 1104 704 1167 utroque
737 1104 765 1146 tc
783 1093 817 1148 de
832 1111 936 1149 vocum
951 1092 1180 1159 conjunctione,
1204 1089 1258 1145 So-

180 1173 307 1249 perente
319 1154 440 1219 irritas.⁶
457 1162 543 1244 Quod
561 1163 584 1216 si
605 1166 703 1237 Nepos
738 1181 836 1218 rorem
851 1179 1035 1236 germanam
1050 1177 1152 1224 suem,
1171 1161 1259 1214 ambi·

152 1243 155 1250 '
181 1244 221 1288 sta
237 1233 403 1306 scripserit,
421 1232 702 1303 proclamaretquis-
737 1246 817 1300 gere.
855 1232 900 1286 nb
919 1232 1070 1287 Arabibus
1089 1241 1176 1300 atque
1193 1231 1260 1282 l’er·

180 1319 285 1376 quam,
304 1318 365 1354 rem
384 1304 439 1354 elle
458 1301 576 1359 salvam,
600 1310 629 1352 et
643 1299 701 1351 Au·
738 1304 769 1353 tis
787 1301 862 1354 bisne
886 1318 997 1355 morem
1016 1299 1097 1352 sitisse
1122 1298 1259 1352 observa·

179 1380 274 1425 terem
288 1369 413 1422 nostrum
433 1368 535 1422 lrulira
551 1367 701 1438 objurgari
738 1379 815 1432 tum,
842 1379 873 1423 ut
895 1388 955 1422 non
976 1369 1070 1427 solum
1092 1366 1259 1429 sororibus,

177 1438 240 1511 post
258 1437 331 1491 elios
348 1455 364 1489 a
382 1437 505 1492 Meurlio
520 1437 586 1488 viro
607 1433 701 1488 erudi·
737 1435 786 1490 secl
804 1437 1040 1491 matribusetiam
1054 1435 1259 1499 miscerentur,

178 1507 280 1560 tiffimo
296 1522 361 1578 cap.
377 1525 438 1558 xvi.
456 1506 489 1558 ln
506 1501 628 1559 Solone.
648 1504 701 1557 Ne·
738 1506 919 1568 eStrebone,
940 1506 1032 1559 Clem.
1049 1500 1260 1561 Alexandrino,

167 1580 235 1658 'que
247 1585 343 1627 tamen
359 1575 421 1628 sine
439 1589 541 1626 errore
556 1571 594 1624 ita
611 1571 701 1642 scrip·
737 1583 766 1625 et
788 1571 949 1627 liardelnne
970 1572 1128 1634 discimus,
1154 1569 1260 1642 quibus

179 1644 271 1698 tillet:
291 1658 356 1694 eum
368 1657 509 1726 nusquam
522 1639 700 1710 reperiatur,
737 1640 946 1695 arlslemlumelt
961 1639 1061 1694 euclem
1077 1637 1114 1692 sle
1131 1655 1165 1692 rc
1179 1655 1259 1710 egre·

178 1709 256 1784 apud
281 1709 468 1764 Athenienles
492 1708 601 1763 lieuill'e
623 1708 701 1760 loro·
737 1709 815 1781 gium
842 1709 1032 1763 testimonium
1065 1703 1260 1772 Tlieotloreti,

179 1797 242 1835 rem
264 1793 448 1850 germanam,
482 1792 585 1850 nempe
599 1772 701 1829 eodem
738 1777 788 1847 qui
796 1778 936 1831 Librotx.
949 1777 1172 1844 Orpanevumis
1189 1776 1259 1828 scri-

97 1866 126 1893 ·.
178 1858 261 1921 patre
292 1843 449 1918 eademque
480 1855 571 1897 matre
594 1852 700 1906 natam,
736 1845 791 1907 bit,
810 1847 933 1900 l’erfiees
946 1846 1097 1907 nationes,
1114 1844 1260 1917 quaejam

177 1932 298 1970 uxorem
314 1912 432 1966 (lucere.
455 1911 512 1967 Sesl
528 1910 701 1967 Solonislex
757 1911 851 1965 eidem
878 1913 1005 1968 Zarmlae
1036 1913 1152 1986 legibus
1178 1928 1259 1984 rege·

177 1981 368 2059 permittebat
393 1997 558 2054 germanam
580 1995 699 2032 consen·
734 1933 860 2045 llantur,
890 1994 1028 2046 matrum,
1054 1997 1212 2043 sororum,
1229 1979 1259 2031 fi.

179 2050 331 2124 guinem,
353 2047 456 2113 idest,
475 2065 608 2101 sororem
629 2043 700 2106 ὁμο·
735 2053 840 2104 lineum
858 2050 1013 2105 connubiis
1037 2065 1144 2121 suisque
1165 2046 1260 2120 deque

179 2120 307 2187 adeptor
323 2115 509 2170 matrimonio
525 2131 700 2170 seeumeon·
736 2119 903 2174 commixtas
927 2119 992 2172 stre,
1030 2115 1100 2170 lnde
1131 2115 1258 2178 credam,

163 2188 316 2258 ¹iungere,
343 2202 403 2238 non
424 2193 519 2237 eutem
544 2182 699 2245 uterinam,
735 2187 884 2240 l'letonem
900 2204 979 2242 suam
998 2184 1258 2258 haulrlleimpieta·

178 2255 381 2321 ὁμομητρίαν,
407 2251 498 2305 multo
520 2253 614 2306 minsis
636 2266 699 2320 ger·
737 2265 809 2316 tem,
828 2265 861 2308 ut
877 2255 942 2309 Lib.
957 2274 986 2308 v.
1007 2251 1167 2327 Derepub.
1184 2252 1258 2315 eius·

178 2341 301 2375 manem.
355 2337 421 2375 uam
431 2322 524 2390 legem
539 2318 700 2373 eitutPliilo
735 2320 813 2375 modi
829 2323 1027 2396 improbasse
1043 2323 1122 2376 feres
1138 2322 1259 2387 conjun-

178 2387 700 2457 JudaeusLib.nepltmvdeospepo-
736 2390 848 2446 stiones
875 2389 1101 2445 commendaret.
1138 2391 1182 2441 De
1204 2389 1259 2441 Ae·

175 2457 698 2528 ue'vmrevtl'rletesiiueveirdtloyrry·
736 2478 770 2533 gy
795 2459 902 2513 tiorum
926 2459 1058 2512 moribus
1087 2459 1141 2511 tac
1171 2455 1202 2508 in
1226 2472 1259 2508 re

176 2543 213 2599 pa
237 2530 320 2582 .6os.
350 2527 401 2581 ubi
417 2528 535 2580 Latinus
554 2525 701 2600 interpres
736 2476 804 2581 virle
837 2525 1000 2581 Diodorum
1036 2524 1189 2586 Siculum,
1224 2521 1259 2576 de

176 2545 251 2650 male
276 2613 332 2666 pro
356 2594 501 2669 germanis
529 2591 700 2665 consangui-
736 2595 907 2657 Chaldaeis,
933 2610 1093 2666 eorumque
1112 2591 1202 2664 impia
1220 2593 1261 2644 le·

176 2665 239 2718 neis
263 2663 412 2719 transtulit
430 2661 559 2717 uterinis
578 2677 699 2733 germe-
736 2682 770 2736 ge
787 2662 974 2717 Theodorum
985 2661 1185 2724 bletocltitam,
1196 2659 1258 2713 vul-

176 2732 236 2786 ·nt's.
264 2732 286 2782 E
308 2731 446 2802 quoloco
463 2730 587 2799 aliisque
604 2745 619 2781 a
637 2733 699 2783 Mu·
735 2751 772 2804 go
790 2733 906 2802 Glyeam
925 2738 1011 2804 parte
1029 2750 1069 2783 ιι.
1091 2726 1205 2784 Annei.
1226 2746 1256 2800 p.

176 2799 401 2853 retoLih.1v.
437 2800 605 2854 vasten.
625 2816 650 2850 e.
672 2799 698 2850 5.
737 2803 794 2870 198.
832 2797 890 2853 Sed
911 2798 1007 2864 uude,
1027 2799 1092 2870 quis
1114 2811 1259 2868 qttaerere

178 2876 206 2919 et
228 2869 304 2922 Sam.
332 2865 428 2921 Petito
451 2866 547 2920 citetis
574 2866 637 2918 Lib.
656 2884 699 2917 vt.
735 2867 778 2941 (p.
792 2870 871 2932 166.)
891 2867 994 2940 pellit,
1012 2865 1091 2939 quod
1106 2879 1259 2938 germanas

176 2935 222 2987 Ti.
240 2955 262 2988 ι.
285 2937 332 2990 De
351 2933 411 3006 leg.
430 2935 480 2988 Art
506 2935 636 2987 Certtelii
648 2952 699 2985 ne·
735 2936 961 3006 conlunguineas
978 2953 1037 2988 non
1054 2945 1150 2987 autem
1168 2933 1258 2985 uteri-

175 3002 222 3056 ttri
244 3002 337 3056 nodus
354 3005 419 3066 bic,
438 3014 469 3055 ut
483 3001 639 3056 Lambinus
655 3001 698 3054 lo·
735 3022 785 3058 nas
808 3005 924 3056 licuerit
942 3002 1160 3057 Athenienlibus
1183 3000 1258 3053 acei-

175 3073 298 3142 quitur,
336 3070 571 3143 inexplicabilis,
610 3088 642 3122 er
666 3069 699 3121 li·
756 3072 949 3124 ereuturcsl
979 3075 1061 3125 Duae
1075 3072 1259 3124 Graecorum

176 3138 284 3193 condus
298 3140 345 3202 ell,
365 3152 392 3194 et
402 3138 520 3210 quidem
530 3088 698 3192 ltoemuslez
734 3092 807 3212 legis
820 3139 949 3193 rationes
962 3136 1044 3192 reddi
1059 3139 1183 3210 pellunt.
1195 3137 1258 3190 Pri·

175 3205 395 3263 Athenienlihns
429 3207 538 3260 lieuille
564 3223 699 3260 sororem
734 3226 779 3261 ma
800 3208 853 3268 stt,
873 3207 941 3278 quia
960 3209 990 3260 in
1006 3205 1131 3260 vitandis
1147 3205 1258 3277 nuptiis

176 3291 340 3358 germanam
365 3274 468 3330 eodem
488 3284 571 3346 patre
592 3286 698 3337 netem,
734 3287 895 3330 maternum
929 3293 1038 3346 genus,
1078 3284 1113 3333 ,ut
1136 3275 1258 3335 certius,

176 3342 698 3415 idest,germanemconlanguineam
733 3344 823 3416 tnagis
851 3345 887 3397 sit
906 3341 1119 3396 attendendum.
1157 3341 1258 3396 Altera

175 3430 296 3465 uxorem
323 3411 441 3464 ducere.
482 3409 697 3474 Eiusmodiau-
734 3410 1084 3486 nepotierellevidetur,
1123 3409 1259 3463 ttedeum

175 3489 233 3532 tem
248 3497 381 3532 sororem
396 3497 411 3531 a
426 3481 539 3549 Nepote
554 3478 697 3550 appellari
735 3484 950 3536 Deuteronom.
969 3498 1038 3531 xiii.
1056 3482 1081 3532 6.
1103 3431 1204 3534 lenter
1224 3496 1258 3529 u·

176 3563 342 3629 germanam
364 3546 524 3599 verisimile
546 3549 601 3608 est,
630 3547 697 3616 quia
734 3550 845 3603 terinus
862 3559 990 3620 portatur
1009 3558 1039 3600 ut
1059 3546 1257 3615 conjunctior,

176 3614 252 3669 infra
271 3614 454 3668 Timoleonte
473 3623 696 3683 eap.1.4.eam,
733 3633 856 3686 eumque
871 3633 981 3668 morem
1001 3616 1128 3670 llebraei
1146 3614 1260 3667 fuerint

176 3699 250 3756 quac
266 3683 336 3737 alias
354 3699 489 3754 germana
510 3682 628 3744 elicitur,
647 3701 697 3735 vo·
733 3687 837 3747 secuti,
855 3684 897 3736 uti
912 3685 992 3745 lecit,
1012 3683 1165 3737 secuudum
1182 3680 1260 3735 Rab-

176 3748 552 3806 catsororemeriisdem
567 3751 697 3823 perenti-
732 3753 820 3806 binos
846 3752 1029 3824 plerosque,
1062 3753 1258 3810 Abrehemus,

177 3818 231 3872 llus
247 3827 364 3873 nectam.
383 3819 509 3877 Ctrillus
525 3829 619 3872 temen
632 3819 696 3872 Lib.
734 3822 783 3892 qui
800 3822 903 3876 Seram
923 3824 1036 3875 ‘l'liarae
1054 3822 1142 3874 filiam
1160 3837 1195 3873 ex
1216 3817 1258 3869 al-

176 3905 221 3941 vt.
253 3894 358 3941 centra
380 3885 537 3941 lulianum
558 3890 696 3959 imperat.
734 3899 795 3941 tera
820 3906 910 3941 uxore
933 3891 962 3942 in
996 3889 1185 3943 matrimonio
1208 3886 1258 3937 ha-

176 3955 354 4007 eennubium
371 3956 425 4007 hoe
444 3973 508 4006 cum
532 3955 631 4008 lorere
651 3972 697 4006 eo·
732 3957 823 4010 buille
843 3955 989 4020 creditur,
1010 3955 1191 4011 consuetudo
1207 3954 1259 4007 itta

175 4019 240 4075 dem
259 4032 342 4094 petre
363 4022 521 4092 eademque
542 4034 632 4075 matre
651 4039 698 4074 nu·
733 4042 788 4097 per
811 4026 994 4089 Phoenices,
1022 4026 1129 4098 quibus
1155 4023 1193 4076 ab
1219 4023 1257 4075 A·

73 4149 76 4152 Δ
173 4090 698 4154 tsellehabitumcxilliumt:Cimon,
734 4093 820 4145 ehille
849 4093 934 4146 Tatio
958 4094 1023 4147 Lib.
1051 4113 1073 4147 t.
1103 4091 1259 4153 tribuitur,

115 4188 117 4193 ·
173 4159 288 4230 inquit,
307 4157 480 4228 Elpinicen,
499 4158 689 4214 eedemsemt‘
734 4161 849 4213 venerit
871 4159 907 4212 sul
940 4162 1140 4215 Athenienses.
1185 4161 1261 4214 Sunt

174 4247 214 4285 rte
239 4233 267 4282 et
293 4228 446 4300 sanguine
468 4234 568 4283 ortam
591 4246 645 4298 pro
668 4244 700 4279 u·
733 4238 828 4281 tannen
845 4229 913 4291 alii,
944 4229 1023 4302 quod
1043 4230 1164 4283 Grotius
1182 4245 1257 4301 quo-

174 4315 249 4351 aeore
268 4293 394 4351 habuit:
423 4304 452 4352 et
476 4296 588 4350 Persas
607 4296 699 4367 ipsos,
733 4312 790 4367 que
809 4298 938 4362 notavit,
972 4299 1021 4368 qui
1049 4299 1181 4361 censent,
1207 4297 1258 4351 Sa-

173 4364 306 4419 t'mmoet
322 4364 420 4437 ipsum
435 4381 585 4418 summum
599 4364 698 4418 Joeem
733 4381 794 4417 ram
804 4364 1004 4418 sororemdici
1017 4382 1098 4418 more
1106 4367 1259 4427 Hebraeo,

174 4433 338 4496 imitatus,
373 4431 477 4487 eodem
504 4449 570 4485 etim
596 4449 699 4486 sorore
733 4450 797 4485 eum
815 4450 874 4485 non
893 4434 983 4488 luerit
1005 4433 1126 4501 ἀδελφή
1144 4432 1197 4488 sed
1225 4453 1257 4486 a·

175 4507 240 4554 toro
257 4519 328 4555 usus
352 4508 402 4554 est.
440 4504 549 4571 Nempe
572 4518 636 4551 cum
650 4501 697 4552 Ju·
732 4499 880 4568 ὁελῳιὸἡ,
902 4500 929 4553 iil
949 4503 1002 4566 est,
1022 4503 1123 4555 fratris
1140 4502 1213 4566 iilia,
1229 4511 1260 4554 et

175 4586 272 4630 none,
300 4587 364 4621 eum
386 4586 442 4640 qua
462 4571 578 4642 Jupiter
594 4565 697 4620 eodem
732 4586 792 4620 non
808 4568 967 4641 patrueliS,
986 4570 1117 4624 utVella
1135 4571 1258 4625 etEres·

175 4646 262 4707 partu
279 4636 389 4694 dieitur
402 4637 505 4693 editus.
522 4634 697 4708 Sednegan-
731 4654 793 4691 mus
805 4649 958 4711 putarunt.
996 4642 1076 4720 Quos
1093 4641 1259 4694 eonomine
