2624 5176
1099 448 1102 455 1

710 535 713 545 a

505 563 514 579 Ι

9 815 12 821 ,
132 774 241 815 mxu
412 748 879 813 mesrlntoutt.

129 964 227 1026 etiam
243 962 380 1045 potestas
396 975 476 1023 erat.
505 966 585 1024 Nam
599 979 663 1043 quo
685 974 831 1042 tempore
851 957 1048 1021 Theodosios
1064 961 1203 1045 impera-

2 1118 7 1129 ,
128 1071 202 1144 but,
224 1068 305 1130 nihil
322 1081 450 1151 poterat
464 1066 615 1152 populus.
658 1065 713 1128 Sio
731 1063 817 1124 idem
831 1063 968 1125 ibidem:
990 1067 1135 1155 [1.8.3.]
1161 1071 1202 1130 0.

128 1199 202 1238 mm
217 1195 306 1236 autem
324 1173 498 1235 artabantur
514 1191 542 1232 et
556 1173 685 1233 dicantar
703 1175 835 1246 tyranni,
864 1175 911 1250 qui
921 1173 1050 1251 potestate
1060 1174 1131 1254 surr
1138 1196 1204 1257 per.

115 1304 208 1369 ,petua
222 1289 251 1344 in
274 1304 304 1344 ea
319 1287 446 1354 civitate,
477 1300 543 1361 qnae
560 1277 687 1339 libertate
703 1277 749 1358 asta
767 1275 813 1352 est.
857 1275 957 1372 Quis,
992 1278 1204 1343 mediocriter

126 1393 162 1453 in
184 1391 307 1452 Latinis
328 1385 470 1453 historiis
484 1384 631 1468 legendis
649 1383 810 1453 versatus,
832 1400 897 1443 non
918 1383 1013 1457 sentit
1036 1387 1202 1461 continuo,

127 1517 200 1559 oum
218 1497 298 1558 haec
316 1493 423 1577 audit,
446 1507 499 1554 aut
520 1491 617 1573 se'git,
640 1512 677 1552 oa
700 1509 776 1550 non·
789 1488 852 1549 else
871 1489 988 1573 scripta
1010 1489 1049 1551 ab
1070 1490 1203 1555 homine

125 1605 160 1665 in
178 1622 299 1686 regno,
321 1603 375 1663 vel
401 1601 435 1661 in
457 1598 602 1682 potentia
626 1595 797 1691 singulari,
827 1608 902 1656 nato
929 1609 1023 1679 atque
1041 1595 1202 1660 educato?

124 1713 204 1772 Nam
227 1710 256 1770 si
282 1709 326 1768 ita
356 1704 539 1788 scripsisset,
569 1701 780 1765 Theodosium
805 1701 915 1763 eadem
936 1722 1035 1785 opera
1054 1721 1203 1778 tyram

124 1814 326 1900 appellasset,
359 1813 414 1897 qui
432 1813 626 1896 singularem
640 1809 837 1893 potentiam,
860 1822 893 1869 et
908 1829 1044 1891 regnum
1066 1809 1101 1871 in
1119 1810 1202 1874 oiri-

124 1936 189 1984 tate
211 1922 288 1982 olim
306 1920 411 1981 libera
427 1918 606 1980 obtinebat:
629 1915 772 1999 quamvis
796 1916 951 1998 populum
967 1938 1032 1977 non
1049 1916 1201 1992 liberum,

17 2000 21 2005 Ι
126 2028 182 2090 sed
199 2024 419 2108 jamservituti
436 2023 651 2093 assuefactum,
674 2037 861 2104 acceperat:
884 2022 971 2108 quod
987 2036 1122 2106 quantae
1140 2024 1201 2083 im·

123 2133 314 2218 prudentiae
348 2149 384 2190 ae
410 2127 589 2190 domentiae
615 2126 749 2189 suisset?
791 2133 883 2192 Nune
912 2142 1018 2190 autem
1042 2127 1202 2213 Pompeio

122 2254 156 2302 et
179 2237 312 2301 Caesare
335 2238 422 2297 iuter
437 2255 473 2296 se
489 2233 776 2305 contendentibus,
801 2245 834 2292 et
848 2247 986 2318 utroque
995 2234 1200 2318 probabilem

119 2364 157 2405 ae
173 2341 347 2428 speciosam
365 2341 445 2403 belli
470 2338 592 2401 eausam
611 2339 788 2411 afferente,
825 2337 909 2423 quasi
928 2341 981 2401 vel
1001 2326 1198 2415 libertatem,

117 2450 172 2512 vel
188 2450 239 2531 jus
261 2448 452 2509 tribunitiae
470 2442 655 2529 potestatis,
685 2446 738 2508 vel
754 2446 976 2510 auctoritatem
995 2444 1143 2520 senatus,
1165 2459 1200 2509 et

55 2593 59 2605 ·
117 2555 209 2637 leges
233 2555 400 2637 antiquas,
424 2567 457 2614 et
471 2573 594 2614 morem
612 2551 766 2633 majorum
787 2552 1000 2628 defendente,
1022 2552 1136 2637 populi
1157 2553 1200 2614 li·

116 2661 241 2721 bertate
264 2660 408 2743 denique
424 2657 567 2719 nondum
584 2658 716 2744 prorsus
739 2660 903 2742 oppressa,
934 2661 1038 2723 libere
1065 2659 1199 2745 quidem

114 2765 196 2829 haee
220 2766 396 2838 dicuntur,
417 2764 473 2826 sed
494 2786 601 2850 neque
621 2765 863 2850 imprudenter,
895 2781 929 2829 et
949 2766 1019 2830 sine
1034 2768 1197 2851 perieulo.

115 2875 151 2934 lu
168 2870 364 2952 Thrasybulo
383 2873 486 2951 [Vlll.
509 2890 539 2931 a.
565 2874 619 2949 4.]
648 2873 713 2933 sic:
739 2873 834 2954 Neque
869 2895 957 2957 compr
992 2895 1044 2956 pro
1073 2877 1198 2954 opinione

118 2977 281 3060 Thrasybuli
292 2998 385 3039 mactae
387 2977 458 3058 furit
465 2995 543 3058 opes:
558 2981 689 3059 aamy'am
701 2999 759 3039 tum
776 2979 834 3038 illis
843 2980 1005 3060 tmtporibus
1012 2981 1121 3061 fortius
1133 2979 1204 3053 horit

111 3101 164 3165 pro
178 3083 304 3144 libertate
319 3082 516 3164 loquebantur,
538 3104 617 3164 qnam
634 3081 800 3165 pugnabant.
825 3083 991 3168 Significat
1008 3100 1120 3149 auctor
1133 3085 1196 3147 bu·

113 3188 165 3271 juo
186 3188 282 3261 libri,
327 3189 476 3251 homines
500 3191 596 3250 etiam
619 3187 817 3272 temporibus
841 3191 928 3263 illis,
971 3192 1088 3277 quibus
1112 3192 1197 3255 vixit

114 3295 352 3377 Thrasybulus,
377 3294 642 3378 quemadmodum
658 3295 741 3368 suis,
762 3296 943 3378 paratiores
955 3298 995 3358 ad
1013 3298 1195 3363 defenden-

60 3392 62 3396 Α
113 3401 186 3464 dam
202 3402 386 3463 libertatem
402 3402 494 3462 luisse
512 3399 639 3473 verbis,
672 3422 765 3483 quam
788 3401 894 3466 sactis.
932 3405 988 3478 ‚Ex
1012 3427 1075 3490 quo
1096 3407 1194 3469 intel·

115 3509 217 3592 ligore
230 3506 330 3579 licet,
356 3526 428 3567 eum
451 3506 593 3585 libertati
615 3505 744 3579 lavisse,
776 3522 845 3569 eta
867 3512 1013 3593 potentia
1035 3511 1200 3595 singulari,

114 3617 252 3703 animum
263 3616 404 3675 alienum
418 3611 579 3687 habuisse:
603 3612 689 3696 quod
704 3615 805 3696 longe
823 3616 915 3687 senus
928 3617 1022 3692 esset,
1044 3618 1198 3693 sineo-,

115 3723 200 3788 dosii
220 3735 322 3785 aetate
346 3715 511 3780 floruisset.
555 3716 671 3782 Videat
694 3720 799 3781 lector
823 3735 855 3795 et
878 3744 958 3806 qnae
979 3723 1019 3785 ad
1040 3722 1125 3784 hune
1141 3724 1194 3799 lo-¹

6 3852 9 3857 ·
114 3845 186 3889 cum
207 3826 438 3917 annotavimus.
481 3828 516 3886 ln
531 3825 637 3888 Dione
655 3818 718 3892 [Χ.
741 3847 770 3908 q.
788 3826 843 3905 5.]
866 3830 931 3891 sie:
952 3831 1027 3903 Hic,
1041 3828 1193 3911 sannone

104 3930 305 4013 saepedictum
328 3931 385 4008 est,
415 3952 495 4012 quam
514 3933 599 4014 ineisa
611 3930 651 4013 sit
663 3931 812 4016 singularis
826 3939 965 4015 porentia,
994 3938 1192 4015 tranferendo

111 4041 180 4110 viro,
203 4037 290 4117 quise
304 4042 398 4111 metari,
421 4058 498 4119 quom
512 4042 615 4112 amari,
637 4036 759 4111 nalum,
782 4042 957 4122 cuivisfacile
972 4040 1189 4124 intellectufnit.

112 4141 218 4207 Etiam
234 4140 288 4204 hio
302 4143 392 4203 loeus
407 4158 594 4227 argumento
611 4142 664 4218 est,
685 4166 751 4207 non
766 4145 867 4209 solum
880 4146 1088 4228 tyrannidem,
1105 4133 1201 4232 quae·

113 4245 239 4328 semper
256 4246 381 4326 injussa,
405 4262 439 4309 et
460 4249 536 4309 odio
557 4249 653 4333 digua
671 4250 731 4326 est,
758 4274 870 4319 verum
887 4255 983 4315 etiam
998 4228 1202 4336 singularem:

111 4354 307 4434 potentiam,
331 4375 411 4438 quae
429 4352 531 4438 potest
550 4358 613 4419 esse
636 4355 730 4437 julla,
753 4373 785 4421 et
806 4363 927 4445 populo
948 4373 1059 4444 grata,
1082 4361 1189 4443 qualia

111 4454 156 4519 est
171 4457 322 4538 justorum
346 4482 481 4543 regum,
513 4461 589 4523 huie
610 4463 761 4547 scriptori
788 4466 921 4528 invisam
941 4466 1045 4529 fuisse.
1088 4465 1189 4561 Quod

112 4564 141 4631 ti
159 4563 213 4626 hic
234 4565 319 4628 liber
341 4566 520 4631 Theodosio
551 4568 723 4653 imperium
745 4570 911 4637 obtinente
934 4572 1073 4658 scriptus
1092 4573 1188 4648 esset,
