<?xml version="1.0" encoding="UTF-8"?>
<!DOCTYPE html PUBLIC "-//W3C//DTD XHTML 1.0 Transitional//EN"
    "http://www.w3.org/TR/xhtml1/DTD/xhtml1-transitional.dtd">
<html xmlns="http://www.w3.org/1999/xhtml" xml:lang="en" lang="en">
 <head>
  <title>
</title>
<meta http-equiv="Content-Type" content="text/html;charset=utf-8" />
  <meta name='ocr-system' content='tesseract 3.04.00' />
  <meta name='ocr-capabilities' content='ocr_page ocr_carea ocr_par ocr_line ocrx_word'/>
</head>
<body>
  <div class='ocr_page' id='page_1' title='image "./quaeexstant01stavgoog/quaeexstant01stavgoog_0313.png"; bbox 0 0 2624 5176; ppageno 0'>
   <div class='ocr_carea' id='block_1_1' title="bbox 114 774 976 861">
    <p class='ocr_par' dir='ltr' id='par_1_1' title="bbox 114 774 976 861">
     <span class='ocr_line' id='line_1_1' title="bbox 114 774 976 861; baseline -0.005 -19"><span class='ocrx_word' id='word_1_1' title='bbox 114 793 172 861; x_wconf 67' lang='lat'><strong>174</strong></span> <span class='ocrx_word' id='word_1_2' title='bbox 251 818 254 821; x_wconf 96' lang='lat'>-</span> <span class='ocrx_word' id='word_1_3' title='bbox 351 774 976 839; x_wconf 76' lang='lat' dir='ltr'><strong>CORNELllNEPO&#39;l&#39;IS</strong></span> 
     </span>
    </p>
   </div>
   <div class='ocr_carea' id='block_1_2' title="bbox 107 972 1183 1269">
    <p class='ocr_par' dir='ltr' id='par_1_2' title="bbox 107 972 1183 1269">
     <span class='ocr_line' id='line_1_2' title="bbox 107 972 1182 1060; baseline -0.007 -19"><span class='ocrx_word' id='word_1_4' title='bbox 107 972 187 1041; x_wconf 85' lang='lat' dir='ltr'><strong>Nam</strong></span> <span class='ocrx_word' id='word_1_5' title='bbox 207 997 304 1060; x_wconf 90' lang='lat' dir='ltr'><strong>quum</strong></span> <span class='ocrx_word' id='word_1_6' title='bbox 325 991 417 1060; x_wconf 85' lang='lat' dir='ltr'><strong>pater</strong></span> <span class='ocrx_word' id='word_1_7' title='bbox 438 975 506 1057; x_wconf 80' lang='lat' dir='ltr'><strong>ejus</strong></span> <span class='ocrx_word' id='word_1_8' title='bbox 523 975 613 1034; x_wconf 85' lang='lat' dir='ltr'><strong>litem</strong></span> <span class='ocrx_word' id='word_1_9' title='bbox 628 974 822 1035; x_wconf 80' lang='lat' dir='ltr'><strong>aestimatam</strong></span> <span class='ocrx_word' id='word_1_10' title='bbox 837 973 955 1058; x_wconf 85' lang='lat' dir='ltr'><strong>populo</strong></span> <span class='ocrx_word' id='word_1_11' title='bbox 973 972 1103 1036; x_wconf 79' lang='lat' dir='ltr'><strong>solvere</strong></span> <span class='ocrx_word' id='word_1_12' title='bbox 1118 994 1182 1034; x_wconf 91' lang='lat' dir='ltr'><strong>non</strong></span> 
     </span>
     <span class='ocr_line' id='line_1_3' title="bbox 107 1078 1183 1167; baseline -0.003 -23"><span class='ocrx_word' id='word_1_13' title='bbox 107 1084 278 1167; x_wconf 85' lang='lat' dir='ltr'><strong>potuisset,</strong></span> <span class='ocrx_word' id='word_1_14' title='bbox 301 1082 343 1143; x_wconf 90' lang='lat' dir='ltr'><strong>ob</strong></span> <span class='ocrx_word' id='word_1_15' title='bbox 360 1103 492 1163; x_wconf 85' lang='lat' dir='ltr'><strong>eamque</strong></span> <span class='ocrx_word' id='word_1_16' title='bbox 509 1100 652 1140; x_wconf 79' lang='lat' dir='ltr'><strong>caussam</strong></span> <span class='ocrx_word' id='word_1_17' title='bbox 668 1080 700 1139; x_wconf 90' lang='lat' dir='ltr'><strong>in</strong></span> <span class='ocrx_word' id='word_1_18' title='bbox 717 1078 852 1139; x_wconf 87' lang='lat' dir='ltr'><strong>vinculis</strong></span> <span class='ocrx_word' id='word_1_19' title='bbox 867 1078 1005 1162; x_wconf 86' lang='lat' dir='ltr'><strong>publicis</strong></span> <span class='ocrx_word' id='word_1_20' title='bbox 1021 1079 1183 1141; x_wconf 85' lang='lat' dir='ltr'><strong>decessis-</strong></span> 
     </span>
     <span class='ocr_line' id='line_1_4' title="bbox 108 1184 1182 1269; baseline -0.005 -17"><span class='ocrx_word' id='word_1_21' title='bbox 108 1203 175 1263; x_wconf 84' lang='lat' dir='ltr'><strong>set,</strong></span> <span class='ocrx_word' id='word_1_22' title='bbox 199 1189 312 1251; x_wconf 87' lang='lat' dir='ltr'><strong>Cimon</strong></span> <span class='ocrx_word' id='word_1_23' title='bbox 327 1187 438 1249; x_wconf 85' lang='lat' dir='ltr'><strong>cadem</strong></span> <span class='ocrx_word' id='word_1_24' title='bbox 453 1185 599 1248; x_wconf 85' lang='lat' dir='ltr'><strong>custodia</strong></span> <span class='ocrx_word' id='word_1_25' title='bbox 617 1186 803 1258; x_wconf 80' lang='lat' dir='ltr'><strong>tenebatur,</strong></span> <span class='ocrx_word' id='word_1_26' title='bbox 824 1205 930 1269; x_wconf 88' lang='lat' dir='ltr'><strong>neque</strong></span> <span class='ocrx_word' id='word_1_27' title='bbox 946 1184 1074 1268; x_wconf 83' lang='lat' dir='ltr'><strong>legibus</strong></span> <span class='ocrx_word' id='word_1_28' title='bbox 1083 1185 1182 1247; x_wconf 81' lang='lat' dir='ltr'><strong>Athe-</strong></span> 
     </span>
    </p>
   </div>
   <div class='ocr_carea' id='block_1_3' title="bbox 103 1412 1183 2851">
    <p class='ocr_par' dir='ltr' id='par_1_3' title="bbox 106 1412 1183 1636">
     <span class='ocr_line' id='line_1_5' title="bbox 106 1412 1182 1494; baseline -0.006 -19"><span class='ocrx_word' id='word_1_29' title='bbox 106 1436 189 1494; x_wconf 76' lang='lat' dir='ltr'><strong>puer.</strong></span> <span class='ocrx_word' id='word_1_30' title='bbox 215 1420 260 1471; x_wconf 85' lang='lat' dir='ltr'><strong>De</strong></span> <span class='ocrx_word' id='word_1_31' title='bbox 274 1412 508 1472; x_wconf 73' lang='lat' dir='ltr'><strong>voeabulo‘usus</strong></span> <span class='ocrx_word' id='word_1_32' title='bbox 523 1433 551 1468; x_wconf 86' lang='lat' dir='ltr'><strong>v.</strong></span> <span class='ocrx_word' id='word_1_33' title='bbox 573 1415 625 1468; x_wconf 87' lang='lat' dir='ltr'><strong>Pe·</strong></span> <span class='ocrx_word' id='word_1_34' title='bbox 661 1423 736 1467; x_wconf 82' lang='lat' dir='ltr'><strong>orat.</strong></span> <span class='ocrx_word' id='word_1_35' title='bbox 762 1412 896 1469; x_wconf 78' lang='lat' dir='ltr'><strong>adversus</strong></span> <span class='ocrx_word' id='word_1_36' title='bbox 912 1415 1111 1469; x_wconf 78' lang='lat' dir='ltr'><strong>Timocratem</strong></span> <span class='ocrx_word' id='word_1_37' title='bbox 1127 1415 1182 1470; x_wconf 77' lang='lat' dir='ltr'><strong>suh</strong></span> 
     </span>
     <span class='ocr_line' id='line_1_6' title="bbox 106 1481 1183 1548; baseline -0.004 -8"><span class='ocrx_word' id='word_1_38' title='bbox 106 1486 161 1540; x_wconf 81' lang='lat' dir='ltr'><strong>rin.</strong></span> <span class='ocrx_word' id='word_1_39' title='bbox 180 1484 217 1539; x_wconf 86' lang='lat' dir='ltr'><strong>ad</strong></span> <span class='ocrx_word' id='word_1_40' title='bbox 231 1487 338 1542; x_wconf 88' lang='lat' dir='ltr'><strong>Sanctii</strong></span> <span class='ocrx_word' id='word_1_41' title='bbox 357 1486 484 1539; x_wconf 82' lang='lat' dir='ltr'><strong>Minerv.</strong></span> <span class='ocrx_word' id='word_1_42' title='bbox 501 1482 566 1536; x_wconf 86' lang='lat' dir='ltr'><strong>Lib.</strong></span> <span class='ocrx_word' id='word_1_43' title='bbox 578 1501 624 1536; x_wconf 88' lang='grc' dir='ltr'><strong>ιιι.</strong></span> <span class='ocrx_word' id='word_1_44' title='bbox 660 1481 762 1536; x_wconf 83' lang='lat' dir='ltr'><strong>fincm=</strong></span> <span class='ocrx_word' id='word_1_45' title='bbox 775 1483 868 1540; x_wconf 86' lang='lat' dir='ltr'><strong>Pater</strong></span> <span class='ocrx_word' id='word_1_46' title='bbox 881 1484 968 1538; x_wconf 88' lang='lat' dir='ltr'><strong>istius</strong></span> <span class='ocrx_word' id='word_1_47' title='bbox 977 1485 1118 1538; x_wconf 84' lang='lat' dir='ltr'><strong>aerarius</strong></span> <span class='ocrx_word' id='word_1_48' title='bbox 1127 1490 1183 1548; x_wconf 85' lang='lat' dir='ltr'><strong>est,</strong></span> 
     </span>
     <span class='ocr_line' id='line_1_7' title="bbox 107 1551 1181 1636; baseline -0.004 -27"><span class='ocrx_word' id='word_1_49' title='bbox 107 1572 139 1610; x_wconf 82' lang='lat' dir='ltr'><strong>ea</strong></span> <span class='ocrx_word' id='word_1_50' title='bbox 165 1573 213 1608; x_wconf 84' lang='lat'><strong>.2.</strong></span> <span class='ocrx_word' id='word_1_51' title='bbox 231 1572 267 1627; x_wconf 85' lang='lat' dir='ltr'><strong>pa</strong></span> <span class='ocrx_word' id='word_1_52' title='bbox 290 1556 374 1621; x_wconf 69' lang='lat' dir='ltr'><strong>.a8i.</strong></span> <span class='ocrx_word' id='word_1_53' title='bbox 660 1568 746 1622; x_wconf 84' lang='lat' dir='ltr'><strong>quem</strong></span> <span class='ocrx_word' id='word_1_54' title='bbox 765 1552 860 1607; x_wconf 86' lang='lat' dir='ltr'><strong>bonus</strong></span> <span class='ocrx_word' id='word_1_55' title='bbox 884 1553 941 1607; x_wconf 86' lang='lat' dir='ltr'><strong>iste</strong></span> <span class='ocrx_word' id='word_1_56' title='bbox 966 1553 1011 1605; x_wconf 80' lang='lat' dir='ltr'><strong>uir</strong></span> <span class='ocrx_word' id='word_1_57' title='bbox 1034 1551 1181 1636; x_wconf 62' lang='lat' dir='ltr'><strong>negligit.</strong></span> 
     </span>
    </p>

    <p class='ocr_par' dir='ltr' id='par_1_4' title="bbox 103 1571 1183 2851">
     <span class='ocr_line' id='line_1_8' title="bbox 140 1571 1181 1698; baseline -0.004 -20"><span class='ocrx_word' id='word_1_58' title='bbox 140 1573 235 1678; x_wconf 63' lang='lat' dir='ltr'><strong>initio</strong></span> <span class='ocrx_word' id='word_1_59' title='bbox 249 1571 488 1686; x_wconf 63' lang='lat' dir='ltr'><strong>adolescentiae]</strong></span> <span class='ocrx_word' id='word_1_60' title='bbox 525 1619 626 1698; x_wconf 76' lang='lat' dir='ltr'><strong>Quoa·</strong></span> <span class='ocrx_word' id='word_1_61' title='bbox 664 1617 791 1694; x_wconf 79' lang='lat' dir='ltr'><strong>Quodsi</strong></span> <span class='ocrx_word' id='word_1_62' title='bbox 807 1622 851 1685; x_wconf 85' lang='lat' dir='ltr'><strong>is,</strong></span> <span class='ocrx_word' id='word_1_63' title='bbox 869 1618 910 1674; x_wconf 91' lang='lat' dir='ltr'><strong>ad</strong></span> <span class='ocrx_word' id='word_1_64' title='bbox 930 1637 1014 1692; x_wconf 77' lang='lat' dir='ltr'><strong>quem</strong></span> <span class='ocrx_word' id='word_1_65' title='bbox 1033 1618 1120 1676; x_wconf 71' lang='lat' dir='ltr'><strong>iilius</strong></span> <span class='ocrx_word' id='word_1_66' title='bbox 1134 1622 1181 1692; x_wconf 80' lang='lat' dir='ltr'><strong>ig-</strong></span> 
     </span>
     <span class='ocr_line' id='line_1_9' title="bbox 105 1685 1183 1766; baseline -0.004 -22"><span class='ocrx_word' id='word_1_67' title='bbox 105 1691 167 1766; x_wconf 87' lang='lat' dir='ltr'><strong>pud</strong></span> <span class='ocrx_word' id='word_1_68' title='bbox 188 1695 327 1762; x_wconf 61' lang='lat' dir='ltr'><strong>poputum</strong></span> <span class='ocrx_word' id='word_1_69' title='bbox 348 1691 419 1742; x_wconf 86' lang='lat' dir='ltr'><strong>mate</strong></span> <span class='ocrx_word' id='word_1_70' title='bbox 442 1687 570 1750; x_wconf 74' lang='lat' dir='ltr'><strong>audivit,</strong></span> <span class='ocrx_word' id='word_1_71' title='bbox 587 1685 627 1738; x_wconf 77' lang='lat'><strong>(055</strong></span> <span class='ocrx_word' id='word_1_72' title='bbox 660 1686 973 1744; x_wconf 83' lang='lat' dir='ltr'><strong>nominiaehereditas</strong></span> <span class='ocrx_word' id='word_1_73' title='bbox 983 1685 1120 1743; x_wconf 67' lang='lat' dir='ltr'><strong>reditiva</strong></span> <span class='ocrx_word' id='word_1_74' title='bbox 1129 1697 1183 1754; x_wconf 84' lang='lat' dir='ltr'><strong>est,</strong></span> 
     </span>
     <span class='ocr_line' id='line_1_10' title="bbox 107 1754 1181 1830; baseline -0.005 -17"><span class='ocrx_word' id='word_1_75' title='bbox 107 1755 233 1813; x_wconf 76' lang='lat' dir='ltr'><strong>deuncos</strong></span> <span class='ocrx_word' id='word_1_76' title='bbox 247 1762 298 1812; x_wconf 76' lang='lat' dir='ltr'><strong>nat</strong></span> <span class='ocrx_word' id='word_1_77' title='bbox 318 1756 498 1820; x_wconf 71' lang='grc' dir='ltr'><strong>πολυπότης,</strong></span> <span class='ocrx_word' id='word_1_78' title='bbox 520 1759 570 1809; x_wconf 80' lang='lat' dir='ltr'><strong>nat</strong></span> <span class='ocrx_word' id='word_1_79' title='bbox 583 1757 626 1818; x_wconf 75' lang='grc' dir='ltr'><strong>τῴ</strong></span> <span class='ocrx_word' id='word_1_80' title='bbox 659 1758 686 1812; x_wconf 88' lang='lat' dir='ltr'><strong>si</strong></span> <span class='ocrx_word' id='word_1_81' title='bbox 703 1758 773 1827; x_wconf 82' lang='lat' dir='ltr'><strong>qaid</strong></span> <span class='ocrx_word' id='word_1_82' title='bbox 789 1759 871 1830; x_wconf 85' lang='lat' dir='ltr'><strong>patri</strong></span> <span class='ocrx_word' id='word_1_83' title='bbox 892 1754 1053 1822; x_wconf 84' lang='lat' dir='ltr'><strong>acciderit,</strong></span> <span class='ocrx_word' id='word_1_84' title='bbox 1078 1766 1181 1811; x_wconf 85' lang='lat' dir='ltr'><strong>tamen</strong></span> 
     </span>
     <span class='ocr_line' id='line_1_11' title="bbox 107 1822 1181 1892; baseline -0.005 -11"><span class='ocrx_word' id='word_1_85' title='bbox 107 1829 221 1892; x_wconf 76' lang='grc' dir='ltr'><strong><em>πάππῳ</em></strong></span> <span class='ocrx_word' id='word_1_86' title='bbox 251 1827 370 1888; x_wconf 65' lang='grc' dir='ltr'><em>Κίμωνι</em></span> <span class='ocrx_word' id='word_1_87' title='bbox 390 1827 401 1889; x_wconf 84' lang='lat'><strong>(</strong></span> <span class='ocrx_word' id='word_1_88' title='bbox 419 1822 560 1879; x_wconf 85' lang='lat' dir='ltr'><strong>Coalemo</strong></span> <span class='ocrx_word' id='word_1_89' title='bbox 586 1828 624 1881; x_wconf 86' lang='lat' dir='ltr'><strong>ob</strong></span> <span class='ocrx_word' id='word_1_90' title='bbox 659 1822 833 1880; x_wconf 81' lang='lat' dir='ltr'><strong>solvendam</strong></span> <span class='ocrx_word' id='word_1_91' title='bbox 863 1842 926 1879; x_wconf 87' lang='lat' dir='ltr'><strong>esse</strong></span> <span class='ocrx_word' id='word_1_92' title='bbox 951 1823 1096 1879; x_wconf 85' lang='lat' dir='ltr'><strong>mulctam</strong></span> <span class='ocrx_word' id='word_1_93' title='bbox 1120 1845 1181 1878; x_wconf 87' lang='lat' dir='ltr'><strong>non</strong></span> 
     </span>
     <span class='ocr_line' id='line_1_12' title="bbox 103 1891 1182 1968; baseline -0.003 -19"><span class='ocrx_word' id='word_1_94' title='bbox 103 1896 208 1951; x_wconf 87' lang='lat' dir='ltr'><strong>mentis</strong></span> <span class='ocrx_word' id='word_1_95' title='bbox 234 1896 377 1968; x_wconf 80' lang='lat' dir='ltr'><strong>[luporem</strong></span> <span class='ocrx_word' id='word_1_96' title='bbox 401 1895 624 1964; x_wconf 76' lang='lat' dir='ltr'><strong>cognominato)</strong></span> <span class='ocrx_word' id='word_1_97' title='bbox 660 1902 769 1963; x_wconf 87' lang='lat' dir='ltr'><strong>censet‚·</strong></span> <span class='ocrx_word' id='word_1_98' title='bbox 787 1891 1182 1965; x_wconf 80' lang='lat' dir='ltr'><strong>sedilliustemporis,quod</strong></span> 
     </span>
     <span class='ocr_line' id='line_1_13' title="bbox 104 1959 1180 2036; baseline -0.003 -19"><span class='ocrx_word' id='word_1_99' title='bbox 104 1964 289 2032; x_wconf 72' lang='lat' dir='ltr'><strong>neodeomais</strong></span> <span class='ocrx_word' id='word_1_100' title='bbox 308 1962 360 2030; x_wconf 74' lang='grc' dir='ltr'><strong>τὴν</strong></span> <span class='ocrx_word' id='word_1_101' title='bbox 377 1961 482 2030; x_wconf 58' lang='lat' dir='ltr'><strong>,osiam</strong></span> <span class='ocrx_word' id='word_1_102' title='bbox 508 1971 540 2013; x_wconf 89' lang='lat' dir='ltr'><strong>ut</strong></span> <span class='ocrx_word' id='word_1_103' title='bbox 558 1961 625 2016; x_wconf 80' lang='lat' dir='ltr'><strong>ieri·</strong></span> <span class='ocrx_word' id='word_1_104' title='bbox 659 1970 745 2036; x_wconf 86' lang='lat' dir='ltr'><strong>pater</strong></span> <span class='ocrx_word' id='word_1_105' title='bbox 758 1963 883 2027; x_wconf 78' lang='lat' dir='ltr'><strong>uixerit,</strong></span> <span class='ocrx_word' id='word_1_106' title='bbox 902 1978 1026 2016; x_wconf 78' lang='lat' dir='ltr'><strong>usuram</strong></span> <span class='ocrx_word' id='word_1_107' title='bbox 1049 1980 1113 2016; x_wconf 85' lang='lat' dir='ltr'><strong>esse</strong></span> <span class='ocrx_word' id='word_1_108' title='bbox 1136 1959 1180 2014; x_wconf 86' lang='lat' dir='ltr'><strong>lu-</strong></span> 
     </span>
     <span class='ocr_line' id='line_1_14' title="bbox 104 2027 1182 2102; baseline -0.004 -15"><span class='ocrx_word' id='word_1_109' title='bbox 104 2033 150 2087; x_wconf 86' lang='lat' dir='ltr'><strong>bit</strong></span> <span class='ocrx_word' id='word_1_110' title='bbox 168 2030 353 2088; x_wconf 77' lang='lat' dir='ltr'><strong>Plutarchus</strong></span> <span class='ocrx_word' id='word_1_111' title='bbox 373 2047 439 2102; x_wconf 78' lang='lat' dir='ltr'><strong>pag.</strong></span> <span class='ocrx_word' id='word_1_112' title='bbox 453 2029 514 2094; x_wconf 72' lang='lat' dir='ltr'><strong>tao.</strong></span> <span class='ocrx_word' id='word_1_113' title='bbox 545 2028 627 2085; x_wconf 86' lang='lat' dir='ltr'><strong>Vale·</strong></span> <span class='ocrx_word' id='word_1_114' title='bbox 660 2029 888 2101; x_wconf 79' lang='lat' dir='ltr'><strong>crifaciendam,</strong></span> <span class='ocrx_word' id='word_1_115' title='bbox 904 2039 959 2084; x_wconf 89' lang='lat' dir='ltr'><strong>etc.</strong></span> <span class='ocrx_word' id='word_1_116' title='bbox 983 2027 1027 2081; x_wconf 77' lang='lat' dir='ltr'><strong>sd</strong></span> <span class='ocrx_word' id='word_1_117' title='bbox 1044 2029 1182 2101; x_wconf 72' lang='lat' dir='ltr'><strong>qucmlo·</strong></span> 
     </span>
     <span class='ocr_line' id='line_1_15' title="bbox 105 2096 1182 2184; baseline -0.006 -27"><span class='ocrx_word' id='word_1_118' title='bbox 105 2103 169 2157; x_wconf 87' lang='lat' dir='ltr'><strong>rius</strong></span> <span class='ocrx_word' id='word_1_119' title='bbox 183 2115 299 2184; x_wconf 75' lang='lat' dir='ltr'><strong>quoquc</strong></span> <span class='ocrx_word' id='word_1_120' title='bbox 318 2097 511 2160; x_wconf 64' lang='lat' dir='ltr'><strong>Mammam,</strong></span> <span class='ocrx_word' id='word_1_121' title='bbox 526 2114 552 2162; x_wconf 82' lang='lat' dir='ltr'><strong>o.</strong></span> <span class='ocrx_word' id='word_1_122' title='bbox 562 2105 623 2152; x_wconf 78' lang='lat' dir='ltr'><strong>ext.</strong></span> <span class='ocrx_word' id='word_1_123' title='bbox 661 2116 725 2152; x_wconf 88' lang='lat' dir='ltr'><strong>cum</strong></span> <span class='ocrx_word' id='word_1_124' title='bbox 739 2099 895 2171; x_wconf 74' lang='lat' dir='ltr'><strong>Ulpianust</strong></span> <span class='ocrx_word' id='word_1_125' title='bbox 928 2096 1030 2158; x_wconf 68' lang='grc' dir='ltr'><em>Νόμοι</em></span> <span class='ocrx_word' id='word_1_126' title='bbox 1046 2101 1110 2167; x_wconf 60' lang='grc' dir='ltr'><strong>γάρ</strong></span> <span class='ocrx_word' id='word_1_127' title='bbox 1135 2101 1182 2163; x_wconf 73' lang='lat' dir='ltr'><strong>siv,</strong></span> 
     </span>
     <span class='ocr_line' id='line_1_16' title="bbox 104 2161 1182 2238; baseline -0.004 -15"><span class='ocrx_word' id='word_1_128' title='bbox 104 2173 129 2228; x_wconf 61' lang='lat' dir='ltr'><strong>a</strong></span> <span class='ocrx_word' id='word_1_129' title='bbox 147 2169 206 2232; x_wconf 88' lang='lat' dir='ltr'><strong>ait,</strong></span> <span class='ocrx_word' id='word_1_130' title='bbox 238 2185 299 2236; x_wconf 69' lang='lat' dir='ltr'><strong>ejus</strong></span> <span class='ocrx_word' id='word_1_131' title='bbox 313 2161 496 2222; x_wconf 85' lang='lat' dir='ltr'><strong>incunabula</strong></span> <span class='ocrx_word' id='word_1_132' title='bbox 514 2166 626 2238; x_wconf 81' lang='lat' dir='ltr'><strong>opinio·</strong></span> <span class='ocrx_word' id='word_1_133' title='bbox 659 2171 726 2219; x_wconf 78' lang='lat' dir='ltr'><strong>sien</strong></span> <span class='ocrx_word' id='word_1_134' title='bbox 745 2167 878 2234; x_wconf 77' lang='grc' dir='ltr'><strong>ὀφείλων</strong></span> <span class='ocrx_word' id='word_1_135' title='bbox 895 2166 955 2236; x_wconf 85' lang='grc' dir='ltr'><strong>πρὸ</strong></span> <span class='ocrx_word' id='word_1_136' title='bbox 979 2172 1030 2230; x_wconf 69' lang='lat' dir='ltr'><strong>ctis</strong></span> <span class='ocrx_word' id='word_1_137' title='bbox 1048 2167 1182 2220; x_wconf 63' lang='lat' dir='ltr'><strong>tertosae</strong></span> 
     </span>
     <span class='ocr_line' id='line_1_17' title="bbox 105 2231 1181 2306; baseline -0.007 -13"><span class='ocrx_word' id='word_1_138' title='bbox 105 2258 145 2294; x_wconf 88' lang='lat' dir='ltr'><strong>ne</strong></span> <span class='ocrx_word' id='word_1_139' title='bbox 160 2233 308 2292; x_wconf 85' lang='lat' dir='ltr'><strong>stultitiae</strong></span> <span class='ocrx_word' id='word_1_140' title='bbox 315 2234 415 2306; x_wconf 71' lang='lat' dir='ltr'><strong>fuisse</strong></span> <span class='ocrx_word' id='word_1_141' title='bbox 430 2231 549 2304; x_wconf 80' lang='lat' dir='ltr'><strong>referta.</strong></span> <span class='ocrx_word' id='word_1_142' title='bbox 569 2237 624 2288; x_wconf 89' lang='lat' dir='ltr'><strong>Bo·</strong></span> <span class='ocrx_word' id='word_1_143' title='bbox 658 2237 845 2304; x_wconf 67' lang='grc' dir='ltr'><strong>τελευτήσει,</strong></span> <span class='ocrx_word' id='word_1_144' title='bbox 870 2236 917 2287; x_wconf 73' lang='lat' dir='ltr'><strong>aas</strong></span> <span class='ocrx_word' id='word_1_145' title='bbox 940 2236 1049 2290; x_wconf 70' lang='lat' dir='ltr'><strong>nathae</strong></span> <span class='ocrx_word' id='word_1_146' title='bbox 1076 2235 1181 2290; x_wconf 76' lang='lat' dir='ltr'><strong>dachs-</strong></span> 
     </span>
     <span class='ocr_line' id='line_1_18' title="bbox 106 2301 1182 2377; baseline -0.007 -16"><span class='ocrx_word' id='word_1_147' title='bbox 106 2307 175 2362; x_wconf 87' lang='lat' dir='ltr'><strong>sius.</strong></span> <span class='ocrx_word' id='word_1_148' title='bbox 197 2305 271 2359; x_wconf 86' lang='lat' dir='ltr'><strong>Hinc</strong></span> <span class='ocrx_word' id='word_1_149' title='bbox 286 2301 423 2358; x_wconf 76' lang='lat' dir='ltr'><strong>Aristides</strong></span> <span class='ocrx_word' id='word_1_150' title='bbox 434 2302 512 2355; x_wconf 91' lang='grc' dir='ltr'><strong>Τ.ΙΙ.</strong></span> <span class='ocrx_word' id='word_1_151' title='bbox 529 2306 622 2375; x_wconf 65' lang='lat' dir='ltr'><strong>puis.</strong></span> <span class='ocrx_word' id='word_1_152' title='bbox 659 2304 746 2358; x_wconf 75' lang='lat' dir='ltr'><strong>hovae</strong></span> <span class='ocrx_word' id='word_1_153' title='bbox 764 2304 797 2357; x_wconf 82' lang='grc' dir='ltr'><strong>τὸ</strong></span> <span class='ocrx_word' id='word_1_154' title='bbox 818 2301 956 2377; x_wconf 61' lang='lat' dir='ltr'><strong>dai-tgna.</strong></span> <span class='ocrx_word' id='word_1_155' title='bbox 975 2303 998 2356; x_wconf 80' lang='grc' dir='ltr'><strong>ἑι</strong></span> <span class='ocrx_word' id='word_1_156' title='bbox 1014 2305 1046 2357; x_wconf 75' lang='grc' dir='ltr'><strong>δὲ</strong></span> <span class='ocrx_word' id='word_1_157' title='bbox 1060 2304 1112 2369; x_wconf 70' lang='lat' dir='ltr'><strong>sisi,</strong></span> <span class='ocrx_word' id='word_1_158' title='bbox 1129 2306 1182 2357; x_wconf 77' lang='lat' dir='ltr'><strong>nul</strong></span> 
     </span>
     <span class='ocr_line' id='line_1_19' title="bbox 105 2369 1181 2444; baseline -0.004 -16"><span class='ocrx_word' id='word_1_159' title='bbox 105 2375 176 2428; x_wconf 86' lang='lat' dir='ltr'><strong>haec</strong></span> <span class='ocrx_word' id='word_1_160' title='bbox 198 2371 316 2444; x_wconf 77' lang='lat' dir='ltr'><strong>adnotat</strong></span> <span class='ocrx_word' id='word_1_161' title='bbox 333 2370 437 2433; x_wconf 78' lang='grc' dir='ltr'><em>ὅτιμὲν</em></span> <span class='ocrx_word' id='word_1_162' title='bbox 446 2374 544 2424; x_wconf 79' lang='grc' dir='ltr'><strong><em>τοίνυν</em></strong></span> <span class='ocrx_word' id='word_1_163' title='bbox 564 2369 624 2440; x_wconf 61' lang='lat' dir='ltr'><strong>civil</strong></span> <span class='ocrx_word' id='word_1_164' title='bbox 659 2373 747 2426; x_wconf 78' lang='lat' dir='ltr'><strong>dutus</strong></span> <span class='ocrx_word' id='word_1_165' title='bbox 765 2374 864 2433; x_wconf 71' lang='lat' dir='ltr'><strong>deam</strong></span> <span class='ocrx_word' id='word_1_166' title='bbox 879 2381 963 2436; x_wconf 80' lang='lat' dir='ltr'><strong>stunt,</strong></span> <span class='ocrx_word' id='word_1_167' title='bbox 981 2373 1034 2426; x_wconf 75' lang='lat' dir='ltr'><strong>lus</strong></span> <span class='ocrx_word' id='word_1_168' title='bbox 1052 2369 1089 2428; x_wconf 80' lang='grc' dir='ltr'><strong>ἄν</strong></span> <span class='ocrx_word' id='word_1_169' title='bbox 1105 2372 1181 2426; x_wconf 73' lang='grc' dir='ltr'><strong><em>ἀπο·</em></strong></span> 
     </span>
     <span class='ocr_line' id='line_1_20' title="bbox 106 2439 1179 2516; baseline -0.003 -21"><span class='ocrx_word' id='word_1_170' title='bbox 106 2443 212 2516; x_wconf 60' lang='lat' dir='ltr'><strong>(paon)</strong></span> <span class='ocrx_word' id='word_1_171' title='bbox 229 2445 267 2494; x_wconf 76' lang='lat' dir='ltr'><strong>ets</strong></span> <span class='ocrx_word' id='word_1_172' title='bbox 282 2447 340 2495; x_wconf 77' lang='grc' dir='ltr'><strong>τών</strong></span> <span class='ocrx_word' id='word_1_173' title='bbox 354 2442 482 2501; x_wconf 70' lang='grc' dir='ltr'><strong><em>κομψῶν,</em></strong></span> <span class='ocrx_word' id='word_1_174' title='bbox 503 2439 541 2492; x_wconf 70' lang='lat' dir='ltr'><strong>tt*</strong></span> <span class='ocrx_word' id='word_1_175' title='bbox 560 2441 625 2492; x_wconf 75' lang='lat' dir='ltr'><strong>daos</strong></span> <span class='ocrx_word' id='word_1_176' title='bbox 658 2442 758 2495; x_wconf 69' lang='lat' dir='ltr'><strong>haiom</strong></span> <span class='ocrx_word' id='word_1_177' title='bbox 783 2441 861 2495; x_wconf 81' lang='lat' dir='ltr'><strong>Idem</strong></span> <span class='ocrx_word' id='word_1_178' title='bbox 872 2440 1092 2498; x_wconf 74' lang='lat' dir='ltr'><strong>Demosthenes</strong></span> <span class='ocrx_word' id='word_1_179' title='bbox 1104 2450 1179 2494; x_wconf 78' lang='lat' dir='ltr'><strong>orat.</strong></span> 
     </span>
     <span class='ocr_line' id='line_1_21' title="bbox 103 2507 1182 2584; baseline -0.005 -19"><span class='ocrx_word' id='word_1_180' title='bbox 103 2510 247 2565; x_wconf 62' lang='grc' dir='ltr'><strong>ὑπελθεῖν</strong></span> <span class='ocrx_word' id='word_1_181' title='bbox 261 2514 312 2562; x_wconf 81' lang='grc' dir='ltr'><strong>καὶ</strong></span> <span class='ocrx_word' id='word_1_182' title='bbox 329 2510 512 2562; x_wconf 75' lang='grc' dir='ltr'>κολακεῦσαι</span> <span class='ocrx_word' id='word_1_183' title='bbox 527 2507 625 2570; x_wconf 83' lang='grc' dir='ltr'><em>Κίμων</em></span> <span class='ocrx_word' id='word_1_184' title='bbox 660 2508 725 2563; x_wconf 86' lang='lat' dir='ltr'><strong>adv.</strong></span> <span class='ocrx_word' id='word_1_185' title='bbox 747 2508 986 2574; x_wconf 77' lang='lat' dir='ltr'><strong>Androtionem,</strong></span> <span class='ocrx_word' id='word_1_186' title='bbox 1014 2528 1080 2584; x_wconf 80' lang='lat' dir='ltr'><strong>pag.</strong></span> <span class='ocrx_word' id='word_1_187' title='bbox 1110 2509 1182 2562; x_wconf 85' lang='lat' dir='ltr'><strong>mihi</strong></span> 
     </span>
     <span class='ocr_line' id='line_1_22' title="bbox 105 2575 1183 2652; baseline 0 -22"><span class='ocrx_word' id='word_1_188' title='bbox 105 2579 240 2649; x_wconf 69' lang='grc' dir='ltr'><strong>ἐγένετο,</strong></span> <span class='ocrx_word' id='word_1_189' title='bbox 266 2582 294 2630; x_wconf 87' lang='lat' dir='ltr'><strong>ot</strong></span> <span class='ocrx_word' id='word_1_190' title='bbox 308 2578 382 2643; x_wconf 72' lang='grc' dir='ltr'><strong>μηδὲ</strong></span> <span class='ocrx_word' id='word_1_191' title='bbox 399 2575 435 2628; x_wconf 82' lang='grc' dir='ltr'><strong>τά</strong></span> <span class='ocrx_word' id='word_1_192' title='bbox 457 2581 584 2642; x_wconf 69' lang='lat' dir='ltr'><strong>necoda</strong></span> <span class='ocrx_word' id='word_1_193' title='bbox 600 2576 624 2628; x_wconf 79' lang='lat' dir='ltr'><strong>l·</strong></span> <span class='ocrx_word' id='word_1_194' title='bbox 659 2579 719 2646; x_wconf 69' lang='lat' dir='ltr'><strong>[mi.</strong></span> <span class='ocrx_word' id='word_1_195' title='bbox 739 2578 868 2631; x_wconf 81' lang='lat' dir='ltr'><strong>meminit</strong></span> <span class='ocrx_word' id='word_1_196' title='bbox 884 2575 979 2652; x_wconf 81' lang='lat' dir='ltr'><strong>legis,</strong></span> <span class='ocrx_word' id='word_1_197' title='bbox 997 2594 1055 2650; x_wconf 81' lang='lat' dir='ltr'><strong>qua</strong></span> <span class='ocrx_word' id='word_1_198' title='bbox 1066 2575 1183 2633; x_wconf 81' lang='lat' dir='ltr'><strong>Andro-</strong></span> 
     </span>
     <span class='ocr_line' id='line_1_23' title="bbox 104 2642 1183 2720; baseline -0.003 -19"><span class='ocrx_word' id='word_1_199' title='bbox 104 2646 284 2712; x_wconf 62' lang='grc' dir='ltr'><strong>θελήσαντες</strong></span> <span class='ocrx_word' id='word_1_200' title='bbox 301 2647 384 2710; x_wconf 73' lang='lat' dir='ltr'><strong>duent</strong></span> <span class='ocrx_word' id='word_1_201' title='bbox 406 2642 624 2709; x_wconf 71' lang='grc' dir='ltr'><strong><em>παραὸῡνωμέ·</em></strong></span> <span class='ocrx_word' id='word_1_202' title='bbox 660 2647 753 2712; x_wconf 75' lang='lat' dir='ltr'><strong>sioni,</strong></span> <span class='ocrx_word' id='word_1_203' title='bbox 784 2646 862 2719; x_wconf 83' lang='lat' dir='ltr'><strong>quod</strong></span> <span class='ocrx_word' id='word_1_204' title='bbox 878 2655 965 2717; x_wconf 82' lang='lat' dir='ltr'><strong>pater</strong></span> <span class='ocrx_word' id='word_1_205' title='bbox 989 2647 1054 2720; x_wconf 75' lang='lat' dir='ltr'><strong>ejus</strong></span> <span class='ocrx_word' id='word_1_206' title='bbox 1069 2647 1183 2720; x_wconf 80' lang='lat' dir='ltr'><strong>suisset</strong></span> 
     </span>
     <span class='ocr_line' id='line_1_24' title="bbox 105 2711 1181 2788; baseline 0.002 -23"><span class='ocrx_word' id='word_1_207' title='bbox 105 2711 284 2784; x_wconf 75' lang='grc' dir='ltr'><strong><em>Χριπόρρω</em></strong></span> <span class='ocrx_word' id='word_1_208' title='bbox 301 2719 349 2780; x_wconf 68' lang='grc' dir='ltr'><strong>τῆς</strong></span> <span class='ocrx_word' id='word_1_209' title='bbox 370 2712 490 2777; x_wconf 64' lang='grc' dir='ltr'><strong>ἡλικίαι</strong></span> <span class='ocrx_word' id='word_1_210' title='bbox 510 2711 624 2781; x_wconf 72' lang='grc' dir='ltr'><strong><em>ἑπέτρο·</em></strong></span> <span class='ocrx_word' id='word_1_211' title='bbox 661 2717 817 2779; x_wconf 68' lang='lat' dir='ltr'><strong>aerarium,</strong></span> <span class='ocrx_word' id='word_1_212' title='bbox 844 2722 872 2770; x_wconf 88' lang='lat' dir='ltr'><strong>ct</strong></span> <span class='ocrx_word' id='word_1_213' title='bbox 897 2713 1040 2770; x_wconf 86' lang='lat' dir='ltr'><strong>mulctam</strong></span> <span class='ocrx_word' id='word_1_214' title='bbox 1065 2713 1181 2788; x_wconf 80' lang='lat' dir='ltr'><strong>reipub.</strong></span> 
     </span>
     <span class='ocr_line' id='line_1_25' title="bbox 105 2781 1181 2851; baseline 0.001 -16"><span class='ocrx_word' id='word_1_215' title='bbox 105 2801 157 2836; x_wconf 88' lang='grc' dir='ltr'><strong>ποι</strong></span> <span class='ocrx_word' id='word_1_216' title='bbox 174 2787 365 2851; x_wconf 72' lang='grc' dir='ltr'>μαρτυρῦσιυ.</span> <span class='ocrx_word' id='word_1_217' title='bbox 390 2781 445 2836; x_wconf 82' lang='lat' dir='ltr'><strong>Sed</strong></span> <span class='ocrx_word' id='word_1_218' title='bbox 462 2781 538 2835; x_wconf 85' lang='lat' dir='ltr'><strong>unde</strong></span> <span class='ocrx_word' id='word_1_219' title='bbox 555 2782 625 2834; x_wconf 84' lang='lat' dir='ltr'><strong>haec</strong></span> <span class='ocrx_word' id='word_1_220' title='bbox 661 2801 722 2837; x_wconf 89' lang='lat' dir='ltr'><strong>non</strong></span> <span class='ocrx_word' id='word_1_221' title='bbox 738 2782 889 2849; x_wconf 80' lang='lat' dir='ltr'><strong>solvisset,</strong></span> <span class='ocrx_word' id='word_1_222' title='bbox 910 2802 963 2839; x_wconf 88' lang='lat' dir='ltr'><strong>nec</strong></span> <span class='ocrx_word' id='word_1_223' title='bbox 983 2783 1094 2840; x_wconf 84' lang='lat' dir='ltr'><strong>habere</strong></span> <span class='ocrx_word' id='word_1_224' title='bbox 1110 2803 1181 2838; x_wconf 85' lang='lat' dir='ltr'><strong>con·</strong></span> 
     </span>
    </p>
   </div>
   <div class='ocr_carea' id='block_1_4' title="bbox 13 2848 1180 2923">
    <p class='ocr_par' dir='ltr' id='par_1_5' title="bbox 13 2848 1180 2923">
     <span class='ocr_line' id='line_1_26' title="bbox 13 2848 1180 2923; baseline -0.001 -18"><span class='ocrx_word' id='word_1_225' title='bbox 13 2886 23 2905; x_wconf 64' lang='lat'><strong>.</strong></span> <span class='ocrx_word' id='word_1_226' title='bbox 105 2851 232 2905; x_wconf 77' lang='lat' dir='ltr'><strong>hauserit</strong></span> <span class='ocrx_word' id='word_1_227' title='bbox 244 2848 398 2913; x_wconf 77' lang='lat' dir='ltr'><strong>Aristides,</strong></span> <span class='ocrx_word' id='word_1_228' title='bbox 416 2849 526 2905; x_wconf 81' lang='lat' dir='ltr'><strong>nescio.</strong></span> <span class='ocrx_word' id='word_1_229' title='bbox 547 2850 623 2902; x_wconf 90' lang='lat' dir='ltr'><strong>Plut.</strong></span> <span class='ocrx_word' id='word_1_230' title='bbox 661 2853 777 2917; x_wconf 81' lang='lat' dir='ltr'><strong>aiones,</strong></span> <span class='ocrx_word' id='word_1_231' title='bbox 804 2871 857 2907; x_wconf 89' lang='lat' dir='ltr'><strong>nec</strong></span> <span class='ocrx_word' id='word_1_232' title='bbox 876 2851 981 2923; x_wconf 80' lang='lat' dir='ltr'><strong>facere</strong></span> <span class='ocrx_word' id='word_1_233' title='bbox 1002 2850 1121 2909; x_wconf 80' lang='lat' dir='ltr'><strong>decreta</strong></span> <span class='ocrx_word' id='word_1_234' title='bbox 1143 2850 1180 2905; x_wconf 90' lang='lat' dir='ltr'><strong>li-</strong></span> 
     </span>
    </p>
   </div>
   <div class='ocr_carea' id='block_1_5' title="bbox 102 2917 1185 4703">
    <p class='ocr_par' dir='ltr' id='par_1_6' title="bbox 102 2917 1185 4703">
     <span class='ocr_line' id='line_1_27' title="bbox 105 2917 1181 3040; baseline 0 -67"><span class='ocrx_word' id='word_1_235' title='bbox 105 2917 242 2973; x_wconf 81' lang='lat' dir='ltr'><strong>adversus</strong></span> <span class='ocrx_word' id='word_1_236' title='bbox 263 2918 360 2972; x_wconf 83' lang='lat' dir='ltr'><strong>Prino.</strong></span> <span class='ocrx_word' id='word_1_237' title='bbox 383 2917 549 2991; x_wconf 49' lang='lat' dir='ltr'><strong>iadooup.</strong></span> <span class='ocrx_word' id='word_1_238' title='bbox 563 2918 624 3040; x_wconf 59' lang='lat' dir='ltr'><strong>giis.</strong></span> <span class='ocrx_word' id='word_1_239' title='bbox 661 2928 735 2975; x_wconf 91' lang='lat' dir='ltr'><strong>ceat.</strong></span> <span class='ocrx_word' id='word_1_240' title='bbox 767 2922 801 2972; x_wconf 90' lang='lat' dir='ltr'><strong>Et</strong></span> <span class='ocrx_word' id='word_1_241' title='bbox 816 2934 882 2974; x_wconf 85' lang='lat' dir='ltr'><strong>mox</strong></span> <span class='ocrx_word' id='word_1_242' title='bbox 906 2919 1116 2974; x_wconf 76' lang='lat' dir='ltr'><strong>Androtioncm</strong></span> <span class='ocrx_word' id='word_1_243' title='bbox 1139 2921 1181 2974; x_wconf 87' lang='lat' dir='ltr'><strong>sic</strong></span> 
     </span>
     <span class='ocr_line' id='line_1_28' title="bbox 106 2986 1181 3061; baseline -0.001 -19"><span class='ocrx_word' id='word_1_244' title='bbox 106 2986 367 3049; x_wconf 74' lang='lat' dir='ltr'><strong>aduotutKiucovot</strong></span> <span class='ocrx_word' id='word_1_245' title='bbox 386 2988 422 3051; x_wconf 77' lang='lat' dir='ltr'><strong>siv</strong></span> <span class='ocrx_word' id='word_1_246' title='bbox 440 2986 457 3040; x_wconf 92' lang='grc' dir='ltr'>ὀ</span> <span class='ocrx_word' id='word_1_247' title='bbox 477 2994 555 3041; x_wconf 80' lang='lat' dir='ltr'><strong>otvot</strong></span> <span class='ocrx_word' id='word_1_248' title='bbox 581 3005 625 3040; x_wconf 73' lang='lat' dir='ltr'><strong>aa·</strong></span> <span class='ocrx_word' id='word_1_249' title='bbox 661 2986 846 3061; x_wconf 82' lang='lat' dir='ltr'><strong>adloquitur:</strong></span> <span class='ocrx_word' id='word_1_250' title='bbox 879 2987 936 3041; x_wconf 79' lang='lat' dir='ltr'><strong>Aut</strong></span> <span class='ocrx_word' id='word_1_251' title='bbox 952 2989 1048 3061; x_wconf 80' lang='lat' dir='ltr'><strong>igitur</strong></span> <span class='ocrx_word' id='word_1_252' title='bbox 1063 2994 1181 3060; x_wconf 85' lang='lat' dir='ltr'><strong>patrem</strong></span> 
     </span>
     <span class='ocr_line' id='line_1_29' title="bbox 104 3054 1184 3126; baseline 0.003 -19"><span class='ocrx_word' id='word_1_253' title='bbox 104 3054 199 3123; x_wconf 73' lang='grc' dir='ltr'>βολή.</span> <span class='ocrx_word' id='word_1_254' title='bbox 661 3063 745 3112; x_wconf 87' lang='lat' dir='ltr'><strong>tuam</strong></span> <span class='ocrx_word' id='word_1_255' title='bbox 761 3075 822 3110; x_wconf 88' lang='lat' dir='ltr'><strong>non</strong></span> <span class='ocrx_word' id='word_1_256' title='bbox 837 3055 936 3126; x_wconf 78' lang='lat' dir='ltr'><strong>fuisse</strong></span> <span class='ocrx_word' id='word_1_257' title='bbox 952 3058 1125 3120; x_wconf 86' lang='lat' dir='ltr'><strong>aerarium,</strong></span> <span class='ocrx_word' id='word_1_258' title='bbox 1151 3055 1184 3110; x_wconf 89' lang='lat' dir='ltr'><strong>id</strong></span> 
     </span>
     <span class='ocr_line' id='line_1_30' title="bbox 142 3119 1181 3209; baseline 0.001 -31"><span class='ocrx_word' id='word_1_259' title='bbox 142 3125 222 3178; x_wconf 89' lang='lat' dir='ltr'><strong>Nam</strong></span> <span class='ocrx_word' id='word_1_260' title='bbox 238 3130 405 3193; x_wconf 86' lang='lat' dir='ltr'><strong>cumpater</strong></span> <span class='ocrx_word' id='word_1_261' title='bbox 419 3119 501 3196; x_wconf 82' lang='lat' dir='ltr'><strong>ejas]</strong></span> <span class='ocrx_word' id='word_1_262' title='bbox 530 3124 627 3195; x_wconf 85' lang='lat' dir='ltr'><strong>Supra</strong></span> <span class='ocrx_word' id='word_1_263' title='bbox 661 3124 828 3181; x_wconf 83' lang='lat' dir='ltr'><strong>ostendito:</strong></span> <span class='ocrx_word' id='word_1_264' title='bbox 849 3132 901 3177; x_wconf 90' lang='lat' dir='ltr'><strong>aut</strong></span> <span class='ocrx_word' id='word_1_265' title='bbox 914 3143 1102 3180; x_wconf 83' lang='lat' dir='ltr'><strong>carcerenon</strong></span> <span class='ocrx_word' id='word_1_266' title='bbox 1111 3144 1181 3209; x_wconf 78' lang='lat' dir='ltr'><strong>pro-</strong></span> 
     </span>
     <span class='ocr_line' id='line_1_31' title="bbox 105 3188 1181 3267; baseline 0.001 -22"><span class='ocrx_word' id='word_1_267' title='bbox 105 3192 142 3246; x_wconf 78' lang='lat' dir='ltr'><strong>ed</strong></span> <span class='ocrx_word' id='word_1_268' title='bbox 160 3211 184 3254; x_wconf 86' lang='grc' dir='ltr'><strong>ι,</strong></span> <span class='ocrx_word' id='word_1_269' title='bbox 202 3193 229 3256; x_wconf 82' lang='lat'><strong>6,</strong></span> <span class='ocrx_word' id='word_1_270' title='bbox 247 3210 273 3260; x_wconf 89' lang='lat'><strong>7.</strong></span> <span class='ocrx_word' id='word_1_271' title='bbox 289 3192 409 3246; x_wconf 82' lang='lat' dir='ltr'><strong>Rosius.</strong></span> <span class='ocrx_word' id='word_1_272' title='bbox 440 3191 516 3247; x_wconf 79' lang='lat' dir='ltr'><strong>Voss&#39;.</strong></span> <span class='ocrx_word' id='word_1_273' title='bbox 533 3190 567 3243; x_wconf 80' lang='grc' dir='ltr'><strong>Α.</strong></span> <span class='ocrx_word' id='word_1_274' title='bbox 580 3188 627 3244; x_wconf 89' lang='lat' dir='ltr'><strong>Ob</strong></span> <span class='ocrx_word' id='word_1_275' title='bbox 652 3191 791 3267; x_wconf 65' lang='lat' dir='ltr'><strong>fugisses</strong></span> <span class='ocrx_word' id='word_1_276' title='bbox 808 3190 860 3248; x_wconf 81' lang='lat' dir='ltr'><strong>secl</strong></span> <span class='ocrx_word' id='word_1_277' title='bbox 873 3188 994 3248; x_wconf 74' lang='lat' dir='ltr'><strong>soluisse</strong></span> <span class='ocrx_word' id='word_1_278' title='bbox 1009 3212 1181 3266; x_wconf 72' lang='lat' dir='ltr'><strong>pecuniam.</strong></span> 
     </span>
     <span class='ocr_line' id='line_1_32' title="bbox 105 3257 1181 3383; baseline 0.001 -68"><span class='ocrx_word' id='word_1_279' title='bbox 105 3271 230 3383; x_wconf 60' lang='lat' dir='ltr'><strong>eatnjue</strong></span> <span class='ocrx_word' id='word_1_280' title='bbox 239 3277 379 3314; x_wconf 85' lang='lat' dir='ltr'><strong>caussam</strong></span> <span class='ocrx_word' id='word_1_281' title='bbox 396 3257 628 3333; x_wconf 83' lang='lat' dir='ltr'><strong>uinculispubli-</strong></span> <span class='ocrx_word' id='word_1_282' title='bbox 666 3261 751 3335; x_wconf 84' lang='lat' dir='ltr'><strong>Quae</strong></span> <span class='ocrx_word' id='word_1_283' title='bbox 770 3262 798 3316; x_wconf 89' lang='lat' dir='ltr'><strong>si</strong></span> <span class='ocrx_word' id='word_1_284' title='bbox 813 3259 967 3316; x_wconf 80' lang='lat' dir='ltr'><strong>ostendere</strong></span> <span class='ocrx_word' id='word_1_285' title='bbox 983 3282 1042 3316; x_wconf 90' lang='lat' dir='ltr'><strong>non</strong></span> <span class='ocrx_word' id='word_1_286' title='bbox 1058 3262 1181 3335; x_wconf 82' lang='lat' dir='ltr'><strong>poteris,</strong></span> 
     </span>
     <span class='ocr_line' id='line_1_33' title="bbox 107 3326 1179 3404; baseline 0 -21"><span class='ocrx_word' id='word_1_287' title='bbox 107 3329 150 3384; x_wconf 87' lang='lat' dir='ltr'><strong>cis</strong></span> <span class='ocrx_word' id='word_1_288' title='bbox 191 3329 352 3383; x_wconf 85' lang='lat' dir='ltr'><strong>ecessisset.</strong></span> <span class='ocrx_word' id='word_1_289' title='bbox 661 3331 730 3404; x_wconf 79' lang='lat' dir='ltr'><strong>lege</strong></span> <span class='ocrx_word' id='word_1_290' title='bbox 753 3338 870 3385; x_wconf 84' lang='lat' dir='ltr'><strong>uetante</strong></span> <span class='ocrx_word' id='word_1_291' title='bbox 889 3326 992 3400; x_wconf 73' lang='lat' dir='ltr'><strong>fecisti</strong></span> <span class='ocrx_word' id='word_1_292' title='bbox 1012 3330 1179 3394; x_wconf 63' lang='lat' dir='ltr'><strong>decretam</strong></span> 
     </span>
     <span class='ocr_line' id='line_1_34' title="bbox 141 3391 1180 3462; baseline 0 -12"><span class='ocrx_word' id='word_1_293' title='bbox 141 3393 257 3450; x_wconf 80' lang='lat' dir='ltr'><strong>Eadem</strong></span> <span class='ocrx_word' id='word_1_294' title='bbox 281 3394 419 3451; x_wconf 85' lang='lat' dir='ltr'><strong>custodia</strong></span> <span class='ocrx_word' id='word_1_295' title='bbox 435 3391 552 3462; x_wconf 75' lang='lat' dir='ltr'><strong>tench]</strong></span> <span class='ocrx_word' id='word_1_296' title='bbox 579 3393 627 3449; x_wconf 86' lang='lat' dir='ltr'><strong>Ni·</strong></span> <span class='ocrx_word' id='word_1_297' title='bbox 662 3398 822 3455; x_wconf 74' lang='lat' dir='ltr'><strong>haeredem</strong></span> <span class='ocrx_word' id='word_1_298' title='bbox 840 3397 920 3453; x_wconf 87' lang='lat' dir='ltr'><strong>enim</strong></span> <span class='ocrx_word' id='word_1_299' title='bbox 942 3406 969 3453; x_wconf 87' lang='lat' dir='ltr'><strong>te</strong></span> <span class='ocrx_word' id='word_1_300' title='bbox 995 3395 1047 3454; x_wconf 73' lang='lat' dir='ltr'><strong>len</strong></span> <span class='ocrx_word' id='word_1_301' title='bbox 1071 3399 1180 3454; x_wconf 87' lang='lat' dir='ltr'><strong>consti-</strong></span> 
     </span>
     <span class='ocr_line' id='line_1_35' title="bbox 106 3461 1180 3540; baseline 0.002 -25"><span class='ocrx_word' id='word_1_302' title='bbox 106 3463 202 3516; x_wconf 87' lang='lat' dir='ltr'><strong>hilde</strong></span> <span class='ocrx_word' id='word_1_303' title='bbox 225 3464 279 3517; x_wconf 83' lang='lat' dir='ltr'><strong>hac</strong></span> <span class='ocrx_word' id='word_1_304' title='bbox 308 3463 434 3517; x_wconf 84' lang='lat' dir='ltr'><strong>custodia</strong></span> <span class='ocrx_word' id='word_1_305' title='bbox 460 3461 628 3520; x_wconf 81' lang='lat' dir='ltr'><strong>Herodotus</strong></span> <span class='ocrx_word' id='word_1_306' title='bbox 662 3470 721 3523; x_wconf 85' lang='lat' dir='ltr'><strong>tuit</strong></span> <span class='ocrx_word' id='word_1_307' title='bbox 737 3473 882 3540; x_wconf 87' lang='lat' dir='ltr'><strong>paternae</strong></span> <span class='ocrx_word' id='word_1_308' title='bbox 894 3469 1094 3540; x_wconf 75' lang='lat' dir='ltr'><strong>ignominiae.</strong></span> <span class='ocrx_word' id='word_1_309' title='bbox 1111 3469 1180 3529; x_wconf 77' lang='grc' dir='ltr'><strong>κλη-</strong></span> 
     </span>
     <span class='ocr_line' id='line_1_36' title="bbox 107 3530 1180 3604; baseline 0.005 -22"><span class='ocrx_word' id='word_1_310' title='bbox 107 3549 141 3584; x_wconf 86' lang='lat' dir='ltr'><strong>ac</strong></span> <span class='ocrx_word' id='word_1_311' title='bbox 155 3530 348 3587; x_wconf 80' lang='lat' dir='ltr'><strong>Plutarchus.</strong></span> <span class='ocrx_word' id='word_1_312' title='bbox 367 3533 526 3586; x_wconf 83' lang='lat' dir='ltr'><strong>Meminere</strong></span> <span class='ocrx_word' id='word_1_313' title='bbox 534 3541 627 3583; x_wconf 86' lang='lat' dir='ltr'><strong>tamen</strong></span> <span class='ocrx_word' id='word_1_314' title='bbox 662 3536 792 3604; x_wconf 77' lang='grc' dir='ltr'>ρονόμον</span> <span class='ocrx_word' id='word_1_315' title='bbox 809 3533 872 3603; x_wconf 67' lang='grc' dir='ltr'><strong>γάρ</strong></span> <span class='ocrx_word' id='word_1_316' title='bbox 889 3543 920 3587; x_wconf 80' lang='grc' dir='ltr'><strong>σε</strong></span> <span class='ocrx_word' id='word_1_317' title='bbox 932 3534 1180 3599; x_wconf 59' lang='lat' dir='ltr'><strong>antisimoniaci-</strong></span> 
     </span>
     <span class='ocr_line' id='line_1_37' title="bbox 109 3595 1180 3671; baseline 0.002 -18"><span class='ocrx_word' id='word_1_318' title='bbox 109 3598 263 3655; x_wconf 81' lang='lat' dir='ltr'><strong>Diodoras</strong></span> <span class='ocrx_word' id='word_1_319' title='bbox 288 3595 408 3655; x_wconf 88' lang='lat' dir='ltr'><strong>Siculus</strong></span> <span class='ocrx_word' id='word_1_320' title='bbox 430 3598 462 3654; x_wconf 89' lang='lat' dir='ltr'><strong>in</strong></span> <span class='ocrx_word' id='word_1_321' title='bbox 486 3600 625 3669; x_wconf 75' lang='lat' dir='ltr'><strong>Excerpt.</strong></span> <span class='ocrx_word' id='word_1_322' title='bbox 659 3603 912 3668; x_wconf 60' lang='lat' dir='ltr'><strong>,communimine</strong></span> <span class='ocrx_word' id='word_1_323' title='bbox 932 3605 981 3668; x_wconf 73' lang='lat' dir='ltr'><strong>mit</strong></span> <span class='ocrx_word' id='word_1_324' title='bbox 1004 3610 1037 3658; x_wconf 73' lang='grc' dir='ltr'><strong>τῦ</strong></span> <span class='ocrx_word' id='word_1_325' title='bbox 1054 3604 1180 3671; x_wconf 60' lang='grc' dir='ltr'><strong><em>πατρὸς.</em></strong></span> 
     </span>
     <span class='ocr_line' id='line_1_38' title="bbox 110 3665 1182 3745; baseline 0.001 -23"><span class='ocrx_word' id='word_1_326' title='bbox 110 3665 241 3723; x_wconf 87' lang='lat' dir='ltr'><strong>Peirese.</strong></span> <span class='ocrx_word' id='word_1_327' title='bbox 257 3669 321 3721; x_wconf 88' lang='lat' dir='ltr'><strong>Lib.</strong></span> <span class='ocrx_word' id='word_1_328' title='bbox 337 3687 378 3722; x_wconf 83' lang='lat' dir='ltr'><strong>ao.</strong></span> <span class='ocrx_word' id='word_1_329' title='bbox 397 3686 462 3741; x_wconf 76' lang='lat' dir='ltr'><strong>pag.</strong></span> <span class='ocrx_word' id='word_1_330' title='bbox 482 3672 541 3734; x_wconf 65' lang='lat' dir='ltr'><strong>sii.</strong></span> <span class='ocrx_word' id='word_1_331' title='bbox 573 3669 626 3724; x_wconf 82' lang='lat' dir='ltr'><strong>Va·</strong></span> <span class='ocrx_word' id='word_1_332' title='bbox 662 3675 722 3725; x_wconf 82' lang='lat' dir='ltr'><strong>Hac</strong></span> <span class='ocrx_word' id='word_1_333' title='bbox 740 3690 811 3745; x_wconf 78' lang='lat' dir='ltr'><strong>orgo</strong></span> <span class='ocrx_word' id='word_1_334' title='bbox 826 3673 890 3744; x_wconf 76' lang='lat' dir='ltr'><strong>icgc</strong></span> <span class='ocrx_word' id='word_1_335' title='bbox 905 3671 1026 3734; x_wconf 84' lang='lat' dir='ltr'><strong>Cimon,</strong></span> <span class='ocrx_word' id='word_1_336' title='bbox 1046 3684 1130 3744; x_wconf 83' lang='lat' dir='ltr'><strong>patre</strong></span> <span class='ocrx_word' id='word_1_337' title='bbox 1150 3672 1182 3724; x_wconf 89' lang='lat' dir='ltr'><strong>in</strong></span> 
     </span>
     <span class='ocr_line' id='line_1_39' title="bbox 102 3733 1182 3805; baseline 0.002 -17"><span class='ocrx_word' id='word_1_338' title='bbox 102 3733 201 3790; x_wconf 78' lang='lat' dir='ltr'><strong>leriae</strong></span> <span class='ocrx_word' id='word_1_339' title='bbox 217 3737 352 3792; x_wconf 81' lang='lat' dir='ltr'><strong>Maxim.</strong></span> <span class='ocrx_word' id='word_1_340' title='bbox 372 3740 398 3798; x_wconf 81' lang='lat'><strong>5,</strong></span> <span class='ocrx_word' id='word_1_341' title='bbox 417 3739 444 3791; x_wconf 80' lang='lat'><strong>3.</strong></span> <span class='ocrx_word' id='word_1_342' title='bbox 471 3744 530 3791; x_wconf 75' lang='lat' dir='ltr'><strong>eut.</strong></span> <span class='ocrx_word' id='word_1_343' title='bbox 547 3737 573 3791; x_wconf 84' lang='lat'><strong>3.</strong></span> <span class='ocrx_word' id='word_1_344' title='bbox 599 3741 627 3790; x_wconf 87' lang='lat' dir='ltr'><strong>et</strong></span> <span class='ocrx_word' id='word_1_345' title='bbox 662 3756 798 3805; x_wconf 79' lang='lat' dir='ltr'><strong>carcere,</strong></span> <span class='ocrx_word' id='word_1_346' title='bbox 815 3738 1182 3801; x_wconf 85' lang='lat' dir='ltr'><strong>mulctanondumsoiuta,</strong></span> 
     </span>
     <span class='ocr_line' id='line_1_40' title="bbox 108 3805 1181 3880; baseline 0.001 -21"><span class='ocrx_word' id='word_1_347' title='bbox 108 3805 136 3865; x_wconf 82' lang='lat'><strong>5,</strong></span> <span class='ocrx_word' id='word_1_348' title='bbox 151 3808 177 3870; x_wconf 75' lang='lat' dir='ltr'><strong>l,-</strong></span> <span class='ocrx_word' id='word_1_349' title='bbox 198 3810 259 3858; x_wconf 79' lang='lat' dir='ltr'><strong>ext.</strong></span> <span class='ocrx_word' id='word_1_350' title='bbox 276 3823 301 3858; x_wconf 82' lang='lat' dir='ltr'><strong>a.</strong></span> <span class='ocrx_word' id='word_1_351' title='bbox 323 3805 457 3860; x_wconf 84' lang='lat' dir='ltr'><strong>lustinus</strong></span> <span class='ocrx_word' id='word_1_352' title='bbox 471 3823 497 3867; x_wconf 83' lang='lat'><strong>2,</strong></span> <span class='ocrx_word' id='word_1_353' title='bbox 516 3807 556 3865; x_wconf 78' lang='lat'><strong>15,</strong></span> <span class='ocrx_word' id='word_1_354' title='bbox 579 3822 625 3871; x_wconf 78' lang='lat'><strong>¹93</strong></span> <span class='ocrx_word' id='word_1_355' title='bbox 662 3817 795 3873; x_wconf 87' lang='lat' dir='ltr'><strong>mortuo,</strong></span> <span class='ocrx_word' id='word_1_356' title='bbox 814 3820 843 3862; x_wconf 89' lang='lat' dir='ltr'><strong>et</strong></span> <span class='ocrx_word' id='word_1_357' title='bbox 859 3808 975 3872; x_wconf 72' lang='grc' dir='ltr'><strong>ἀτιμίας</strong></span> <span class='ocrx_word' id='word_1_358' title='bbox 991 3819 1018 3860; x_wconf 87' lang='lat' dir='ltr'><strong>ct</strong></span> <span class='ocrx_word' id='word_1_359' title='bbox 1028 3805 1120 3862; x_wconf 89' lang='lat' dir='ltr'><strong>debiti</strong></span> <span class='ocrx_word' id='word_1_360' title='bbox 1130 3824 1181 3880; x_wconf 80' lang='lat' dir='ltr'><strong>pa·</strong></span> 
     </span>
     <span class='ocr_line' id='line_1_41' title="bbox 111 3869 1182 3947; baseline 0.004 -23"><span class='ocrx_word' id='word_1_361' title='bbox 111 3869 228 3926; x_wconf 83' lang='lat' dir='ltr'><strong>Seneca</strong></span> <span class='ocrx_word' id='word_1_362' title='bbox 241 3881 418 3928; x_wconf 75' lang='lat' dir='ltr'><strong>controvers.</strong></span> <span class='ocrx_word' id='word_1_363' title='bbox 432 3881 474 3942; x_wconf 72' lang='lat'><strong>²4·</strong></span> <span class='ocrx_word' id='word_1_364' title='bbox 491 3882 519 3924; x_wconf 87' lang='lat' dir='ltr'><strong>ct</strong></span> <span class='ocrx_word' id='word_1_365' title='bbox 536 3870 630 3947; x_wconf 80' lang='lat' dir='ltr'><strong>Quin·</strong></span> <span class='ocrx_word' id='word_1_366' title='bbox 661 3877 738 3929; x_wconf 79' lang='lat' dir='ltr'><strong>terni</strong></span> <span class='ocrx_word' id='word_1_367' title='bbox 761 3877 860 3942; x_wconf 79' lang='lat' dir='ltr'><strong>heros,</strong></span> <span class='ocrx_word' id='word_1_368' title='bbox 892 3894 924 3928; x_wconf 89' lang='lat' dir='ltr'><strong>ac</strong></span> <span class='ocrx_word' id='word_1_369' title='bbox 946 3877 1075 3930; x_wconf 80' lang='lat' dir='ltr'><strong>aerarius</strong></span> <span class='ocrx_word' id='word_1_370' title='bbox 1095 3875 1182 3937; x_wconf 84' lang='lat' dir='ltr'><strong>adeo,</strong></span> 
     </span>
     <span class='ocr_line' id='line_1_42' title="bbox 110 3938 1181 4008; baseline 0.004 -15"><span class='ocrx_word' id='word_1_371' title='bbox 110 3938 254 3994; x_wconf 86' lang='lat' dir='ltr'><strong>ctilianas</strong></span> <span class='ocrx_word' id='word_1_372' title='bbox 275 3940 412 3997; x_wconf 87' lang='lat' dir='ltr'><strong>Declam.</strong></span> <span class='ocrx_word' id='word_1_373' title='bbox 437 3943 497 3997; x_wconf 79' lang='lat'><strong>302.</strong></span> <span class='ocrx_word' id='word_1_374' title='bbox 524 3943 626 3998; x_wconf 78' lang='lat' dir='ltr'><strong>Exstat·</strong></span> <span class='ocrx_word' id='word_1_375' title='bbox 662 3944 754 3997; x_wconf 80' lang='lat' dir='ltr'><strong>factus</strong></span> <span class='ocrx_word' id='word_1_376' title='bbox 775 3945 821 3998; x_wconf 86' lang='lat' dir='ltr'><strong>ett.</strong></span> <span class='ocrx_word' id='word_1_377' title='bbox 848 3941 933 4000; x_wconf 84' lang='lat' dir='ltr'><strong>Tales</strong></span> <span class='ocrx_word' id='word_1_378' title='bbox 947 3955 1058 4008; x_wconf 85' lang='lat' dir='ltr'><strong>autom,</strong></span> <span class='ocrx_word' id='word_1_379' title='bbox 1083 3956 1114 3998; x_wconf 91' lang='lat' dir='ltr'><strong>ut</strong></span> <span class='ocrx_word' id='word_1_380' title='bbox 1131 3962 1181 3999; x_wconf 85' lang='lat' dir='ltr'><strong>su·</strong></span> 
     </span>
     <span class='ocr_line' id='line_1_43' title="bbox 132 4008 1183 4084; baseline 0.005 -25"><span class='ocrx_word' id='word_1_381' title='bbox 132 4025 167 4060; x_wconf 89' lang='lat' dir='ltr'><strong>uc</strong></span> <span class='ocrx_word' id='word_1_382' title='bbox 182 4018 211 4060; x_wconf 87' lang='lat' dir='ltr'><strong>ct</strong></span> <span class='ocrx_word' id='word_1_383' title='bbox 225 4008 302 4079; x_wconf 80' lang='lat' dir='ltr'><strong>apud</strong></span> <span class='ocrx_word' id='word_1_384' title='bbox 317 4009 480 4065; x_wconf 85' lang='lat' dir='ltr'><strong>Libant&#39;um</strong></span> <span class='ocrx_word' id='word_1_385' title='bbox 493 4009 586 4065; x_wconf 87' lang='lat' dir='ltr'><strong>Tomo</strong></span> <span class='ocrx_word' id='word_1_386' title='bbox 602 4028 625 4061; x_wconf 87' lang='grc' dir='ltr'><strong>ι.</strong></span> <span class='ocrx_word' id='word_1_387' title='bbox 660 4029 718 4084; x_wconf 85' lang='lat' dir='ltr'><strong>pra</strong></span> <span class='ocrx_word' id='word_1_388' title='bbox 734 4008 775 4066; x_wconf 86' lang='lat' dir='ltr'><strong>ad</strong></span> <span class='ocrx_word' id='word_1_389' title='bbox 792 4032 815 4078; x_wconf 83' lang='grc' dir='ltr'><strong>ι,</strong></span> <span class='ocrx_word' id='word_1_390' title='bbox 831 4030 858 4082; x_wconf 81' lang='lat'><strong>7,</strong></span> <span class='ocrx_word' id='word_1_391' title='bbox 874 4015 900 4069; x_wconf 82' lang='grc'><strong>6.</strong></span> <span class='ocrx_word' id='word_1_392' title='bbox 921 4008 1038 4076; x_wconf 86' lang='lat' dir='ltr'><strong>dictum,</strong></span> <span class='ocrx_word' id='word_1_393' title='bbox 1057 4013 1183 4066; x_wconf 72' lang='lat' dir='ltr'><strong>lautam·</strong></span> 
     </span>
     <span class='ocr_line' id='line_1_44' title="bbox 110 4025 1183 4150; baseline 0.004 -20"><span class='ocrx_word' id='word_1_394' title='bbox 110 4025 282 4135; x_wconf 67' lang='lat' dir='ltr'><strong>declamatio</strong></span> <span class='ocrx_word' id='word_1_395' title='bbox 312 4079 389 4142; x_wconf 79' lang='lat' dir='ltr'><strong>cius,</strong></span> <span class='ocrx_word' id='word_1_396' title='bbox 415 4095 469 4150; x_wconf 84' lang='lat' dir='ltr'><strong>pro</strong></span> <span class='ocrx_word' id='word_1_397' title='bbox 496 4090 578 4146; x_wconf 81' lang='lat' dir='ltr'><strong>patro</strong></span> <span class='ocrx_word' id='word_1_398' title='bbox 598 4077 627 4129; x_wconf 90' lang='lat' dir='ltr'><strong>in</strong></span> <span class='ocrx_word' id='word_1_399' title='bbox 662 4081 712 4135; x_wconf 89' lang='lat' dir='ltr'><strong>‹liu</strong></span> <span class='ocrx_word' id='word_1_400' title='bbox 727 4080 757 4132; x_wconf 90' lang='lat' dir='ltr'><strong>in</strong></span> <span class='ocrx_word' id='word_1_401' title='bbox 774 4081 898 4136; x_wconf 85' lang='lat' dir='ltr'><strong>vinculis</strong></span> <span class='ocrx_word' id='word_1_402' title='bbox 915 4078 1113 4144; x_wconf 77' lang='lat' dir='ltr'><strong>offciubebat‚</strong></span> <span class='ocrx_word' id='word_1_403' title='bbox 1130 4078 1183 4134; x_wconf 87' lang='lat' dir='ltr'><strong>do·</strong></span> 
     </span>
     <span class='ocr_line' id='line_1_45' title="bbox 112 4141 1183 4221; baseline 0.001 -19"><span class='ocrx_word' id='word_1_404' title='bbox 112 4160 259 4202; x_wconf 80' lang='lat' dir='ltr'><strong>carcerem</strong></span> <span class='ocrx_word' id='word_1_405' title='bbox 276 4141 319 4198; x_wconf 83' lang='lat' dir='ltr'><strong>ire</strong></span> <span class='ocrx_word' id='word_1_406' title='bbox 337 4145 473 4198; x_wconf 86' lang='lat' dir='ltr'><strong>volentis.</strong></span> <span class='ocrx_word' id='word_1_407' title='bbox 489 4147 610 4201; x_wconf 84' lang='lat' dir='ltr'><strong>Rosius.</strong></span> <span class='ocrx_word' id='word_1_408' title='bbox 662 4164 716 4202; x_wconf 86' lang='lat' dir='ltr'><strong>nec</strong></span> <span class='ocrx_word' id='word_1_409' title='bbox 736 4149 892 4203; x_wconf 81' lang='lat' dir='ltr'><strong>solviffent.</strong></span> <span class='ocrx_word' id='word_1_410' title='bbox 929 4148 1029 4221; x_wconf 85' lang='lat' dir='ltr'><strong>ltaque</strong></span> <span class='ocrx_word' id='word_1_411' title='bbox 1055 4166 1111 4204; x_wconf 89' lang='lat' dir='ltr'><strong>nec</strong></span> <span class='ocrx_word' id='word_1_412' title='bbox 1134 4149 1183 4203; x_wconf 87' lang='lat' dir='ltr'><strong>Ci-</strong></span> 
     </span>
     <span class='ocr_line' id='line_1_46' title="bbox 164 4209 1184 4291; baseline 0.003 -23"><span class='ocrx_word' id='word_1_413' title='bbox 164 4213 263 4285; x_wconf 75' lang='lat' dir='ltr'><strong>Ncaae</strong></span> <span class='ocrx_word' id='word_1_414' title='bbox 286 4209 379 4287; x_wconf 76' lang='lat' dir='ltr'><strong>legib.</strong></span> <span class='ocrx_word' id='word_1_415' title='bbox 406 4211 514 4268; x_wconf 83' lang='lat' dir='ltr'><strong>Athen.</strong></span> <span class='ocrx_word' id='word_1_416' title='bbox 532 4212 630 4271; x_wconf 85' lang='lat' dir='ltr'><strong>emitti</strong></span> <span class='ocrx_word' id='word_1_417' title='bbox 662 4232 734 4272; x_wconf 89' lang='lat' dir='ltr'><strong>mon</strong></span> <span class='ocrx_word' id='word_1_418' title='bbox 750 4211 847 4272; x_wconf 84' lang='lat' dir='ltr'><strong>emitti</strong></span> <span class='ocrx_word' id='word_1_419' title='bbox 861 4223 993 4291; x_wconf 85' lang='lat' dir='ltr'><strong>poterat,</strong></span> <span class='ocrx_word' id='word_1_420' title='bbox 1012 4217 1074 4271; x_wconf 86' lang='lat' dir='ltr'><strong>nisi</strong></span> <span class='ocrx_word' id='word_1_421' title='bbox 1095 4234 1184 4288; x_wconf 84' lang='lat' dir='ltr'><strong>pecu-</strong></span> 
     </span>
     <span class='ocr_line' id='line_1_47' title="bbox 111 4280 1182 4359; baseline 0.004 -22"><span class='ocrx_word' id='word_1_422' title='bbox 111 4283 244 4358; x_wconf 81' lang='lat' dir='ltr'><strong>poterat]</strong></span> <span class='ocrx_word' id='word_1_423' title='bbox 262 4281 338 4353; x_wconf 75' lang='lat' dir='ltr'><strong>Lego</strong></span> <span class='ocrx_word' id='word_1_424' title='bbox 353 4280 429 4354; x_wconf 87' lang='lat' dir='ltr'><strong>apud</strong></span> <span class='ocrx_word' id='word_1_425' title='bbox 444 4281 629 4335; x_wconf 77' lang='lat' dir='ltr'><strong>Athenienses</strong></span> <span class='ocrx_word' id='word_1_426' title='bbox 663 4286 763 4347; x_wconf 84' lang='lat' dir='ltr'><strong>niam,</strong></span> <span class='ocrx_word' id='word_1_427' title='bbox 792 4301 849 4357; x_wconf 82' lang='lat' dir='ltr'><strong>qua</strong></span> <span class='ocrx_word' id='word_1_428' title='bbox 866 4291 953 4359; x_wconf 82' lang='lat' dir='ltr'><strong>pater</strong></span> <span class='ocrx_word' id='word_1_429' title='bbox 969 4284 1133 4341; x_wconf 86' lang='lat' dir='ltr'><strong>mulctatus</strong></span> <span class='ocrx_word' id='word_1_430' title='bbox 1151 4305 1182 4341; x_wconf 88' lang='lat' dir='ltr'><strong>e-</strong></span> 
     </span>
     <span class='ocr_line' id='line_1_48' title="bbox 112 4346 1184 4427; baseline -0.002 -19"><span class='ocrx_word' id='word_1_431' title='bbox 112 4350 254 4408; x_wconf 84' lang='lat' dir='ltr'><strong>ssncitum</strong></span> <span class='ocrx_word' id='word_1_432' title='bbox 273 4360 351 4414; x_wconf 84' lang='lat' dir='ltr'><strong>erat,</strong></span> <span class='ocrx_word' id='word_1_433' title='bbox 378 4357 410 4402; x_wconf 90' lang='lat' dir='ltr'><strong>ut</strong></span> <span class='ocrx_word' id='word_1_434' title='bbox 428 4346 450 4403; x_wconf 87' lang='lat' dir='ltr'><strong>si</strong></span> <span class='ocrx_word' id='word_1_435' title='bbox 466 4349 530 4422; x_wconf 87' lang='lat' dir='ltr'><strong>quis</strong></span> <span class='ocrx_word' id='word_1_436' title='bbox 548 4367 628 4404; x_wconf 78' lang='lat' dir='ltr'><strong>acra·</strong></span> <span class='ocrx_word' id='word_1_437' title='bbox 663 4348 1106 4427; x_wconf 75' lang='lat' dir='ltr'><strong>rat,solvisset.Atquospaullo</strong></span> <span class='ocrx_word' id='word_1_438' title='bbox 1117 4363 1184 4408; x_wconf 84' lang='lat' dir='ltr'><strong>anto</strong></span> 
     </span>
     <span class='ocr_line' id='line_1_49' title="bbox 112 4418 1185 4490; baseline 0.001 -17"><span class='ocrx_word' id='word_1_439' title='bbox 112 4420 194 4482; x_wconf 83' lang='lat' dir='ltr'><strong>rius,</strong></span> <span class='ocrx_word' id='word_1_440' title='bbox 220 4427 374 4490; x_wconf 82' lang='lat' dir='ltr'><strong>antequam</strong></span> <span class='ocrx_word' id='word_1_441' title='bbox 390 4418 627 4473; x_wconf 84' lang='lat' dir='ltr'><strong>mulctamsolvc-</strong></span> <span class='ocrx_word' id='word_1_442' title='bbox 663 4420 805 4475; x_wconf 81' lang='lat' dir='ltr'><strong>custodiae</strong></span> <span class='ocrx_word' id='word_1_443' title='bbox 824 4423 953 4476; x_wconf 87' lang='lat' dir='ltr'><strong>Cimonis</strong></span> <span class='ocrx_word' id='word_1_444' title='bbox 969 4421 1125 4476; x_wconf 81' lang='lat' dir='ltr'><strong>meminiffe</strong></span> <span class='ocrx_word' id='word_1_445' title='bbox 1141 4419 1185 4475; x_wconf 89' lang='lat' dir='ltr'><strong>di·</strong></span> 
     </span>
     <span class='ocr_line' id='line_1_50' title="bbox 113 4481 1182 4553; baseline 0.002 -11"><span class='ocrx_word' id='word_1_446' title='bbox 113 4496 176 4550; x_wconf 81' lang='lat' dir='ltr'><strong>ret,</strong></span> <span class='ocrx_word' id='word_1_447' title='bbox 196 4481 321 4547; x_wconf 85' lang='lat' dir='ltr'><strong>obierit,</strong></span> <span class='ocrx_word' id='word_1_448' title='bbox 348 4484 436 4539; x_wconf 82' lang='lat' dir='ltr'><strong>liberi</strong></span> <span class='ocrx_word' id='word_1_449' title='bbox 453 4487 628 4540; x_wconf 80' lang='lat' dir='ltr'><strong>eamsolve-</strong></span> <span class='ocrx_word' id='word_1_450' title='bbox 662 4488 772 4553; x_wconf 80' lang='lat' dir='ltr'><strong>ximus,</strong></span> <span class='ocrx_word' id='word_1_451' title='bbox 797 4489 832 4544; x_wconf 83' lang='lat' dir='ltr'><strong>ad</strong></span> <span class='ocrx_word' id='word_1_452' title='bbox 853 4509 938 4543; x_wconf 87' lang='lat' dir='ltr'><strong>unum</strong></span> <span class='ocrx_word' id='word_1_453' title='bbox 962 4507 1061 4543; x_wconf 86' lang='lat' dir='ltr'><strong>omnes</strong></span> <span class='ocrx_word' id='word_1_454' title='bbox 1080 4492 1182 4545; x_wconf 90' lang='lat' dir='ltr'><strong>Cimo·</strong></span> 
     </span>
     <span class='ocr_line' id='line_1_51' title="bbox 112 4551 1184 4632; baseline 0.003 -24"><span class='ocrx_word' id='word_1_455' title='bbox 112 4565 194 4608; x_wconf 72' lang='lat' dir='ltr'><strong>rents</strong></span> <span class='ocrx_word' id='word_1_456' title='bbox 213 4553 276 4617; x_wconf 87' lang='lat' dir='ltr'><strong>sin,</strong></span> <span class='ocrx_word' id='word_1_457' title='bbox 298 4564 326 4608; x_wconf 88' lang='lat' dir='ltr'><strong>et</strong></span> <span class='ocrx_word' id='word_1_458' title='bbox 347 4553 396 4627; x_wconf 77' lang='lat' dir='ltr'><strong>ipsa</strong></span> <span class='ocrx_word' id='word_1_459' title='bbox 412 4551 512 4617; x_wconf 76' lang='grc' dir='ltr'><em>ἄτιμοι</em></span> <span class='ocrx_word' id='word_1_460' title='bbox 530 4555 627 4619; x_wconf 80' lang='lat' dir='ltr'><strong>effcnt,</strong></span> <span class='ocrx_word' id='word_1_461' title='bbox 661 4558 1184 4632; x_wconf 78' lang='lat' dir='ltr'><strong>nemspontevinculasubiitseajunt,</strong></span> 
     </span>
     <span class='ocr_line' id='line_1_52' title="bbox 113 4620 1185 4703; baseline 0.006 -27"><span class='ocrx_word' id='word_1_462' title='bbox 113 4620 206 4677; x_wconf 79' lang='lat' dir='ltr'><strong>donee</strong></span> <span class='ocrx_word' id='word_1_463' title='bbox 226 4622 378 4678; x_wconf 80' lang='lat' dir='ltr'><strong>solverint.</strong></span> <span class='ocrx_word' id='word_1_464' title='bbox 412 4622 628 4682; x_wconf 83' lang='lat' dir='ltr'><strong>Demosthenes</strong></span> <span class='ocrx_word' id='word_1_465' title='bbox 660 4627 769 4701; x_wconf 82' lang='lat' dir='ltr'><strong>pietate</strong></span> <span class='ocrx_word' id='word_1_466' title='bbox 783 4638 967 4689; x_wconf 77' lang='lat' dir='ltr'><strong>commotum,</strong></span> <span class='ocrx_word' id='word_1_467' title='bbox 982 4637 1011 4697; x_wconf 88' lang='lat' dir='ltr'><strong>ut</strong></span> <span class='ocrx_word' id='word_1_468' title='bbox 1027 4627 1185 4703; x_wconf 82' lang='lat' dir='ltr'><strong>iiscorpus</strong></span> 
     </span>
    </p>
   </div>
   <div class='ocr_carea' id='block_1_6' title="bbox 0 0 1316 5176">
    <p class='ocr_par' dir='ltr' id='par_1_7' title="bbox 0 0 1316 5176">
     <span class='ocr_line' id='line_1_53' title="bbox 0 0 1316 5176; baseline 0 0"><span class='ocrx_word' id='word_1_469' title='bbox 0 0 1316 5176; x_wconf 95' lang='lat' dir='ltr'><strong> </strong></span> 
     </span>
    </p>
   </div>
  </div>
 </body>
</html>
