2624 5176
106 781 154 835 οη
277 730 287 773 '
416 725 933 819 rnsr1uon1t.‘

926 880 930 899 ,
1106 874 1113 899 ,
1180 875 1187 883 .

107 966 166 1030 sub
185 960 363 1026 Theodoiio
381 933 478 1036 vixit,
509 962 543 1024 in
566 958 789 1043 compendium
807 954 870 1018 elic
893 951 1056 1016 redactum
1073 958 1183 1036 Repo·-

105 1084 181 1135 tem.
240 1068 304 1131 Sed
330 1069 416 1132 aliud
439 1069 548 1131 suadet
570 1066 678 1151 operia
705 1062 921 1134 concinnitas,
958 1073 992 1122 et
1016 1059 1071 1121 illa
1087 1078 1180 1142 prac-

105 1176 194 1242 fandi
213 1175 314 1248 ratio,
337 1194 417 1260 quac
436 1173 480 1238 eli
496 1174 529 1236 in
548 1169 787 1256 Epaminondae
804 1168 891 1242 vita,
920 1186 956 1229 ac
973 1166 1008 1226 in
1023 1161 1182 1246 Pelopida

108 1282 279 1365 inprimis,
309 1281 364 1343 ubi
386 1280 579 1343 brevitatem
594 1274 701 1357 juliam
717 1274 900 1359 pollicetur.
941 1272 1091 1343 Attamen
1107 1288 1182 1329 aem

105 1386 207 1451 tentia
223 1387 313 1460 hace,
335 1387 412 1450 licet
428 1405 574 1452 erronea,
596 1383 700 1444 minus
712 1379 849 1465 periculi
862 1377 987 1449 haheat,
1008 1374 1182 1442 dummodo

107 1508 198 1555 extra
217 1494 470 1557 controversiam
486 1503 620 1562 maneat,
642 1486 814 1549 Aemilium
830 1484 935 1547 omnia
953 1483 994 1544 dc
1007 1477 1183 1563 puriffimia

11 1650 14 1657 .
105 1599 242 1682 Nepotis
261 1598 404 1660 fontibus
419 1595 555 1665 hausilla
569 1595 586 1631 ¹*
598 1594 625 1673 ).
676 1593 758 1653 Sanc
775 1590 912 1654 Tulliani
931 1588 994 1652 effe
1016 1573 1088 1649 'aevi
1104 1585 1182 1647 sori-

106 1718 253 1790 ptorcm,
277 1723 382 1789 neque
396 1702 502 1774 alium,
526 1720 619 1785 quam
636 1703 804 1783 Nepotem,
826 1711 893 1798 tum
906 1694 1028 1759 veteris
1046 1690 1183 1770 alicujus

105 1833 420 1863 ·--··-·-···-····-r···

138 1899 176 1954 ad
190 1900 287 1953 locum
296 1901 368 1973 lieg.
381 1922 404 1964 1,
418 1921 442 1956 1.
460 1910 705 1957 commemorare,
724 1895 775 1965 qui
788 1900 895 1965 quotve
908 1891 1066 1968 scriptores
1080 1908 1184 1966 regum

137 1967 356 2024 eleriffimorum
373 1966 547 2020 mentionem
565 1961 704 2022 fecerint,
723 1974 888 2039 eorumque¹
902 1974 948 2010 ros
965 1963 1053 2037 gebaa
1069 1959 1183 2013 inscri-

137 2037 196 2110 ptis
211 2036 270 2089 suis
286 2035 421 2089 laudibus
438 2030 587 2093 ornarint,
605 2040 634 2081 et
649 2027 775 2082 afferunt
790 2028 877 2084 nobis
895 2028 1094 2094 Herodotum,
1117 2028 1182 2082 Cte-

140 2105 227 2168 siam,
256 2099 435 2163 Diodorum,
465 2102 605 2169 Trogum.
625 2096 748 2149 Frustra.
773 2091 949 2152 Nominandi
995 2097 1070 2153 otius
1098 2103 1184 2149 erant

139 2170 323 2241 Scriptores,
343 2170 392 2244 qui
410 2167 474 2221 duta
500 2181 591 2238 opere
606 2163 642 2223 dc
665 2163 801 2237 Regibus
816 2161 956 2222 omnibus
972 2116 1050 2224 iello
1065 2163 1185 2238 potissi·

9 2268 11 2272 Α
71 2296 74 2301 ,
122 2250 227 2301 ,anumx
239 2235 330 2294 claris
347 2233 532 2309 scripserint,
551 2249 583 2285 ae
600 2234 715 2285 nonnisi
739 2233 842 2288 borum
858 2249 906 2286 res
920 2238 1006 2302 gestas
1026 2246 1182 2287 enarrare·

13 2300 17 2309 ¹
137 2305 211 2359 rint..
236 2306 324 2370 Cujus
342 2305 457 2377 generis
479 2300 543 2355 Seri
567 2310 645 2353 tores
663 2299 766 2354 dubito
788 2317 825 2354 aa
841 2300 923 2354 multi
941 2303 1066 2366 fuerint,
1085 2310 1184 2372 ‘atque

139 2372 274 2427 Cornelii
290 2372 451 2428 lectoribus
466 2380 524 2422 tam
546 2317 621 2424 bene
639 2368 717 2428 noti,
736 2376 767 2419 ut
777 2367 813 2421 ad
824 2385 925 2423 eorum
939 2371 1054 2444 Scripta
1065 2367 1093 2422 hi
1104 2382 1182 2421 cont-

139 2439 225 2494 modc
248 2438 395 2494 nincndari
416 2438 580 2511 potuill'ent.
605 2434 705 2513 Quid?
725 2433 803 2506 qnod
821 2437 988 2494 Cornelium
1025 2436 1123 2491 torius
1141 2434 1184 2488 in·

141 2498 395 2580 eptum'iaeimus,
413 2510 437 2561 si
458 2503 492 2557 dc
513 2521 545 2558 re
568 2504 631 2557 ibus
649 2521 714 2555 ettm
733 2501 799 2559 idco
819 2521 895 2558 nunc
911 2508 986 2561 moui
1009 2503 1182 2564 edicamus,

142 2574 223 2647 quod
242 2573 299 2631 alii
317 2576 472 2649 separatim
492 2570 528 2625 de
547 2523 591 2626 iis
607 2571 773 2626 narross'ent.
792 2574 885 2646 Quam
901 2576 1045 2629 rationem
1060 2571 1084 2626 ai
1098 2567 1184 2642 aequi

51 2674 54 2680 ·
140 2643 276 2696 voluillot
290 2642 461 2703 Cornelius,
480 2659 576 2695 nonne
593 2639 628 2694 dc
645 2638 872 2711 imperatoribus
886 2657 1003 2717 quoque
1019 2651 1048 2695 ct
1061 2639 1127 2693 aliia
1141 2636 1183 2690 vi·

140 2708 183 2763 ris
193 2744 202 2776 ,
221 2728 293 2784 quos
310 2709 401 2763 adbuc
417 2710 603 2783 exposuerat,
624 2705 723 2763 eodem
737 2706 823 2764 modo
841 2710 895 2781 ipsi
914 2709 1063 2764 tacendum
1077 2706 1184 2769 suiliet,

142 2793 267 2849 quorum
282 2779 372 2842 vitas,
391 2788 423 2831 ut
438 2778 497 2850 ipse
513 2777 636 2830 atlirmat
654 2774 801 2848 (Epamim
815 2779 843 2843 4,
856 2781 883 2834 6.
893 2781 921 2846 ),
939 2778 1102 2851 complures
1113 2771 1184 2827 scri-

142 2855 242 2967 ptttozes
259 2855 324 2964 anlte
342 2845 441 2966 ipsum)
452 2845 547 2899 multis
561 2841 690 2964 ppillibus
705 2844 901 2929 explicuerant
915 2844 1062 2968 {terni-m?
1081 2845 1183 2961 licqtpe

142 2928 157 2963 e
222 2929 421 2967 ornetuaver
445 2929 557 2966 orama
581 2928 616 2965 eo
654 2928 735 2967 arcus
791 2931 818 2967 ur
848 2933 898 2970 ,st
972 2928 1130 2967 norumo
1171 2942 1182 2955 ·

99 3004 102 3009 ·
141 2979 223 3034 ribus
235 2990 294 3034 ‘nos
314 2998 349 3034 co
372 2980 444 3032 ltere
462 2980 610 3047 voluisset,
631 2929 660 3034 iil
677 2928 853 3036 uno’virbir'
871 2932 969 3036 addiio
988 2935 1011 3036 si
1034 2980 1118 3034 nifica
1140 2987 1179 3032 et.

142 3049 253 3124 Quibus
272 2997 406 3102 omnibus
423 3066 480 3101 non
497 3049 551 3102 nisi
576 3049 615 3102 ita
635 3050 749 3102 occurri
767 3050 875 3119 potest,
894 3060 943 3111 ttt,
960 2997 1039 3122 quoi
1056 3050 1112 3116 jam
1131 3044 1182 3100 diu

142 3126 208 3170 ante
226 3135 279 3169 nos
296 3117 406 3171 Vollius
424 3115 591 3183 contendit,
617 3118 785 3172 Cornelium
805 3117 860 3170 boc
882 3116 978 3171 dirille
998 3133 1112 3172 aumas:
1137 3133 1181 3171 re·

142 3202 233 3257 gum,
253 3184 432 3260 quiquidem
448 3203 547 3243 rerum
569 3189 725 3259 gestarum
742 3185 955 3258 magnitudine
968 3183 1180 3247 excelluerint,

141 3254 218 3308 uitas
235 3271 253 3307 a
270 3271 300 3308 se
315 3256 476 3326 separatim
492 3271 554 3309 esse
573 3251 702 3324 relatas,
720 3271 752 3309 se
778 3273 806 3310 te
822 3255 893 3310 binc
906 3273 945 3311 ex
961 3273 1062 3310 eorum
1077 3271 1179 3309 nume·

141 3340 175 3377 ro
187 3339 280 3381 nunc,
300 3340 367 3375 eam
383 3322 420 3376 dc
436 3321 667 3392 imperatoribus
682 3340 736 3378 exe
767 3321 897 3379 lentibus
911 3330 1092 3395 exponeret,
1113 3339 1179 3382 eos,

138 3390 189 3461 qui
206 3390 380 3462 praesertim
400 3387 525 3444 bellicis'
536 3390 692 3444 uirtutibus
709 3389 788 3447 alios
802 3391 1022 3465 praestiterint,
1048 3389 1117 3448 ideo
1134 3395 1179 3442 at·

140 3459 258 3531 tingere
280 3454 370 3512 nolle,
393 3457 444 3508 llis
466 3468 530 3526 apta
555 3468 634 3519 sunt,
653 3473 727 3528 quae
743 3471 915 3533 sequuntur:
934 3479 1000 3516 eum
1017 3470 1121 3516 tamea
1134 3476 1179 3513 re·

140 3545 214 3600 gum
229 3524 316 3581 rebus
327 3525 423 3598 gestis
436 3522 601 3580 ilittstrium
615 3526 737 3581 omnino
750 3545 810 3581 non
825 3526 988 3583 admodum
1004 3527 1094 3584 multi
1105 3527 1180 3590 sint,

79 3656 83 3663 ,
140 3613 172 3649 se
186 3591 320 3667 aliquam
336 3591 443 3648 saltem
460 3611 562 3648 eorum
578 3595 759 3651 mentionem
768 3593 874 3666 facere
886 3595 970 3653 uelle·
986 3596 1078 3671 idque
1092 3596 1177 3648 iacit:

140 3662 261 3716 multum
276 3662 352 3714 enim
368 3660 457 3722 abeli,
478 3671 509 3712 ut.
525 3677 572 3714 res
605 3663 672 3715 elias
687 3679 788 3720 eorum
801 3664 847 3716 vol
863 3665 1023 3719 brevissime
1040 3663 1178 3736 attingam

142 3729 217 3801 ipsos
231 3740 331 3784 contra
349 3747 408 3782 non
424 3729 478 3782 nisi
494 3677 656 3785 breviitme
672 3741 769 3797 notat,
788 3741 835 3798 ut,
857 3735 904 3805 qui
921 3733 1081 3787 summatim
1096 3747 1179 3805 repe·

140 3806 223 3862 tunt,
248 3795 328 3870 quod
340 3796 410 3853 alibi
426 3798 560 3870 pluribus
574 3799 771 3871 exposuerant.
790 3801 859 3855 Aac
876 3802 936 3875 ipso
955 3810 1049 3854 atttom
1067 3817 1114 3853 rea
1131 3814 1180 3871 ge·

140 3865 192 3919 stas
208 3882 306 3936 regum
322 3865 426 3919 relatas
444 3866 497 3918 elle
514 3877 616 3920 auctor
636 3864 748 3924 disertis
769 3869 867 3923 verbis
886 3867 1085 3935 non‘addidit,
1113 3883 1178 3922 curn

141 3933 266 3987 lectores
278 3933 333 3997 iam
349 3933 481 3995 aliunde,
502 3933 531 3986 id
545 3935 581 3988 ab
597 3934 661 4007 ipso
675 3936 781 3991 factum
793 3937 861 4001 ella,
880 3938 947 3991 satis
966 3937 1090 3992 scirentt
1109 3952 1177 3991 eon·

142 4011 203 4067 tra,
221 4003 245 4055 si
261 4002 297 4054 nb
308 4001 371 4056 aliis
386 4003 553 4057 auctoribus
569 4001 598 4055 id
614 4003 719 4059 iactum
733 4004 832 4062 dicere
846 4005 994 4065 voluiffet,
1010 4020 1107 4060 nonne
1122 4004 1178 4057 hoo

139 4070 238 4142 potius
250 4078 349 4143 aperte
363 4069 456 4126 futter
471 4069 696 4129 indicandum‘i“
712 4075 790 4129 llaec
806 4073 958 4128 Moschins.
975 4071 1101 4127 Eandem
1115 4090 1180 4127 acn-

140 4137 259 4190 tentiam
280 4137 411 4192 Bromius
429 4156 545 4212 quoque
569 4140 628 4206 poli
650 4143 818 4199 Lambinum
845 4142 1037 4226 amplectitur.
1065 4143 1106 4194 Ex
1123 4144 1179 4195 Nc·

139 4205 320 4278 potisautem
331 4203 366 4265 da
387 4206 537 4265 Romanis
554 4209 690 4282 Regibus
703 4211 790 4276 libro,
811 4228 884 4284 quae
895 4209 970 4266 infra
981 4213 1094 4284 Fragm.
1111 4226 1175 4285 cap.

143 4292 184 4331 10.
200 4291 277 4328 num.
294 4275 318 4327 b.
333 4275 519 4344 referantur,
538 4276 662 4333 delumta
676 4277 769 4334 videri
787 4281 929 4353 potsunt]

123 4368 157 4448 ὓ)
176 4362 350 4438 [Aemilium
369 4369 497 4423 Probum
520 4371 730 4444 imperatorum
754 4375 854 4438 Vitas,
876 4374 1020 4444 aNepote
1035 4371 1176 4444 scriptas,

140 4452 170 4488 tn
187 4434 279 4489 lucem
295 4440 459 4503 revocatis,
478 4439 517 4491 ita
533 4449 565 4492 ut
586 4440 722 4493 nonnulla
742 4457 840 4495 earum
854 4442 918 4494 loca
935 4439 1127 4514 interpolaret
1143 4456 1177 4493 ac

140 4501 329 4585 depravaret,
347 4507 499 4578 Vitasque,
520 4508 572 4561 lrac
589 4508 704 4562 ratione
721 4510 931 4576 conformatas,
949 4507 1107 4563 Theodofio
1122 4508 1177 4561 int·

140 4583 271 4695 peratort
287 4575 435 4642 obtuliile,
455 4593 517 4626 etam
536 4575 615 4630 Viris
629 4578 729 4630 Doctis
745 4578 844 4632 statuo.
865 4581 927 4633 Hoc
943 4576 1019 4630 enim
1036 4588 1064 4630 et
1078 4578 1177 4630 verius

167 4641 258 4697 emilii
276 4643 368 4700 Probi
383 4660 470 4719 supera
485 4644 636 4700 memorati
657 4644 735 4703 clara
754 4645 878 4717 docent,
896 4655 929 4702 et
942 4644 1075 4702 codicum
1089 4663 1177 4700 manu
