2624 5176
791 420 827 465 ‘h

15 882 18 887 Ι
119 802 222 852 um
422 783 899 857 rnnnsnrto.

12 1065 13 1069 ,
118 1009 204 1081 latis
241 1010 286 1081 de
316 1009 497 1082 Lambino
523 1012 673 1110 ejusque
703 1036 819 1112 opera
849 1009 1013 1083 diximus.
1063 1011 1208 1099 Primus

120 1150 243 1208 eutem
263 1133 379 1221 sidit,
418 1134 483 1205 has
505 1135 607 1211 Vitas
627 1161 704 1206 non
730 1135 799 1205 elle
819 1133 865 1206 ab
887 1135 1044 1208 Aemilio
1064 1135 1206 1224 Probo,

117 1259 182 1332 ted
208 1286 231 1332 a
259 1258 431 1334 Cornelio
458 1260 671 1358 Nepotem,
697 1259 829 1332 fmttra
864 1261 1025 1360 Galpare
1051 1262 1206 1333 Barthio

119 1400 252 1456 contra
270 1383 487 1483 disputante.
538 1384 621 1456 Post
637 1409 719 1456 oum
743 1386 782 1457 in
804 1384 923 1456 lucem
944 1385 1056 1456 emisit
1075 1390 1204 1485 Nepo-

116 1525 192 1580 tem
212 1533 296 1596 cum
319 1510 412 1583 Vitis
429 1508 618 1582 Plutarchi
631 1511 811 1581 Henrieus
824 1511 1054 1609 Stephanus,
1081 1511 1204 1582 Gene-

115 1658 183 1704 rae
205 1658 239 1705 a.
263 1632 424 1730 1572.⁶⁶)
449 1633 504 1706 13.
528 1631 698 1704 volumm.
723 1635 890 1722 octonis,
915 1660 1023 1734 quem
1036 1649 1077 1703 ut
1088 1633 1204 1705 modo

115 1756 288 1853 Longolii
310 1775 348 1829 et
367 1757 497 1855 Magii,
523 1758 752 1857 maximoque
771 1758 958 1846 Lambini,
988 1756 1135 1854 vestigia
1145 1757 1217 1827 in·.

116 1880 253 1969 liitille,
281 1882 397 1952 modo
422 1908 484 1954 eas
499 1881 699 1980 exprclhll'e
719 1881 894 1954 lectiones
912 1882 1082 1969 vidimus,
1106 1905 1205 1980 quae

115 2007 155 2078 in
176 2006 277 2077 libris
299 2004 425 2094 editis,
453 2033 475 2078 a
490 2006 597 2078 nobis
619 2005 766 2105 quidem
783 2004 974 2093 adhibitis,
1000 2031 1078 2077 non
1094 2016 1210 2105 nepti

114 2130 279 2217 riuntrlr,
310 2130 360 2199 ita
383 2131 498 2203 Attici
521 2129 665 2220 Vitam,
700 2130 854 2201 aliorum
873 2128 1065 2229 exemplo,
1106 2128 1201 2201 omi·

113 2253 192 2326 cille
226 2254 420 2325 trimme).
495 2258 552 2328 De
583 2253 747 2328 editione
777 2253 1076 2350 ingolstadiensi,
1126 2278 1204 2353 qua

34 2468 36 2475 A
112 2377 343 2478 Schoppium
363 2379 467 2449 ulum
487 2378 556 2450 effe
575 2378 684 2478 supra
707 2378 899 2467 diximus„
920 2395 960 2449 et
978 2402 1074 2477 quae
1099 2400 1202 2449 anno

110 2502 221 2575 tertio
241 2527 286 2573 ac
308 2503 541 2601 nonagelimo
563 2503 701 2604 prodiit
709 2503 767 2590 ⁰8),
800 2521 948 2603 praeter
972 2525 1108 2573 nomen
1129 2525 1200 2572 no·

110 2622 166 2697 bis
191 2627 340 2727 quidem
367 2629 458 2699 nihil
481 2628 631 2701 constat.
682 2633 804 2727 Atque
825 2630 894 2699 hac
913 2627 997 2698 sunt
1020 2624 1202 2699 editiones

111 2730 273 2827 Cornelii
292 2752 365 2824 hoc
387 2751 534 2825 saeculo
558 2752 781 2841 adornatae,
807 2750 865 2824 rel
886 2777 909 2824 a
928 2748 1055 2840 nobis,
1081 2749 1138 2821 vel
1152 2746 1201 2822 ab

110 2866 207 2963 ¹eliis,
234 2875 329 2947 vilae
350 2893 386 2949 ct
405 2876 606 2959 consultae.

112 3086 116 3093 1
176 3000 259 3088 ι8οά
278 3000 429 3098 sequens
446 3001 630 3072 sacculum
655 3000 846 3100 septimum
864 2999 1046 3072 decimum
1067 2999 1196 3099 prodi·

108 3121 163 3197 dit
182 3124 348 3224 exempla
374 3125 541 3209 Vitnnnn
555 3128 632 3226 ejus
643 3125 754 3222 longe
767 3121 1076 3222 praestantillima.
1117 3124 1197 3196 Pri·

142 3358 168 3395 α.
188 3354 278 3405 casu,
299 3337 365 3412 {pro
387 3339 506 3409 vulgato
530 3356 641 3402 consa,
668 3337 840 3412 primamne
862 3335 1011 3391 rellitttill'e
1046 3335 1196 3401 linietur,

142 3423 232 3481 quum
252 3402 350 3460 tamen'
366 3406 421 3472 jam
441 3412 469 3462 in
491 3409 565 3462 Ultr.
590 3406 720 3460 editione
737 3416 862 3476 uterque
883 3404 965 3460 locus
982 3353 1085 3462 eodem
1104 3402 1193 3458 mod·

143 3473 311 3528 emendatus
327 3475 374 3529 sit.
390 3476 486 3550 Atque
499 3477 553 3530 hoc
570 3475 647 3528 idem
663 3475 693 3527 in
712 3473 777 3526 aliis
794 3491 854 3544 quo
877 3488 913 3524 uc
926 3473 999 3528 locis
1012 3471 1197 3529 animadver-

141 3551 205 3595 tere
220 3542 299 3595 licet.
325 3543 402 3596 Illud
425 3561 498 3598 vero
522 3543 631 3610 certius
655 3538 803 3607 allirmnrc
816 3557 857 3612 po
879 3541 982 3594 emilii
1002 3543 1125 3605 videor,
1146 3541 1201 3593 Bt-

141 3610 295 3663 sileensom
322 3612 460 3667 Curionis
483 3612 642 3666 editionem
663 3609 709 3673 (v.
733 3607 800 3663 adn.
822 3612 888 3675 56.)
907 3624 922 3659 a
943 3610 1084 3664 Lambino
1103 3609 1198 3662 visam

141 3677 235 3732 suillo.
253 3680 324 3732 Nam
349 3677 385 3731 ad
403 3682 475 3753 Reg.
501 3697 524 3745 r,
546 3698 568 3733 ι.
591 3679 661 3730 hoec
677 3675 797 3731 scribit:
818 3676 920 3734 n'ultis
937 3678 970 3733 in
995 3677 1084 3736 tibris
1105 3692 1198 3748 neque

142 3746 209 3800 onti
229 3746 383 3814 uiorr'bus,
410 3765 503 3820 neque
526 3744 760 3808 recentioribus,
780 3746 862 3803 hdnc
883 3749 1112 3820 inscriptionem
1134 3744 1197 3815 [De

139 3762 287 3899 Regillus]
306 3820 417 3888 reperi,
438 3824 652 3889 praeterquam
662 3816 695 3869 in
707 3811 890 3871 Coloniensi.
901 3813 995 3889 Quum
1009 3827 1102 3870 autem
1113 3830 1128 3868 t
1141 3815 1198 3868 Co.

140 3881 266 3938 lomenti
294 3886 381 3938 etiam
403 3886 540 3957 Lougolii
563 3884 695 3955 exemplo
716 3883 872 3957 inscriptio
894 3885 942 3938 illa
961 3883 1056 3951 obsit,
1075 3896 1197 3953 eamque

141 3965 174 4003 ex
199 3952 335 4006 omnihus
352 3952 438 4007 libris
457 3963 524 4005 ante
542 3951 712 4005 Lambioum
737 3952 848 4007 excessis
870 3971 928 4006 una
945 3953 1083 4006 Curionis
1102 3951 1195 4006 editio

140 4036 167 4074 a.
189 4021 262 4086 15⁶4.
272 4020 392 4087 habent,
409 4019 580 4075 lrambinum
600 4019 673 4072 hanc
693 4017 851 4072 editionem
868 4020 980 4087 vidlss'c,
998 4031 1092 4092 etpro
1111 4017 1195 4079 Colo.

140 4087 275 4145 niensil.
294 4106 319 4142 c.
342 4087 552 4144 Basileensem
573 4087 726 4141 nominare
747 4086 867 4142 voluille
889 4089 1033 4159 suspicor.
1060 4087 1139 4142 lrlom
1157 4088 1195 4145 ad

132 4158 215 4212 'cim
233 4177 256 4221 1,
273 4176 298 4212 ι.
313 4157 342 4210 in
358 4155 531 4229 quibusdam
547 4173 626 4209 exem
649 4156 684 4208 lis
699 4155 882 4210 Germanicis
898 4153 1015 4230 legibus
1030 4155 1193 4215 Athenien·

138 4226 229 4294 tium,
247 4242 303 4308 pro
320 4223 440 4299 legibus
456 4224 708 4289 Atheniensibus,
734 4226 876 4345 scriptum
892 4240 923 4280 sc
944 4223 1044 4280 vidiffe
1063 4226 1192 4282 testatur.

139 4293 230 4368 Atqui
251 4304 292 4348 ita
309 4293 340 4346 in
360 4294 501 4348 Curionis
517 4293 587 4349 edit.
606 4294 795 4367 expressume
820 4330 827 4344 .

105 4387 160 4455 dd)
178 4391 217 4441 V.
237 4406 263 4441 c.
279 4386 347 4440 Dio.
364 4405 389 4453 1,
406 4381 616 4460 4.''etllamilc.
639 4406 662 4451 ι,
674 4405 700 4453 4.
719 4386 847 4444 Fischer.
978 4434 982 4441 .

105 4454 159 4575 (ib)
178 4452 403 4575 llocffiiliatp'ium
417 4455 544 4527 primum
557 4454 674 4524 vidite,
692 4473 708 4510 c
725 4455 921 4513 Testimoniis
934 4452 972 4512 de
990 4454 1078 4515 Corn.
1095 4456 1193 4533 Nepos

104 4530 258 4716 6621}er
259 4538 395 4716 :Elim
395 4600 516 4718 ¹Epheson
535 4590 676 4649 Fabricio
692 4590 770 4650 Bibl.
789 4592 841 4651 lat·
858 4600 920 4650 tom
941 4612 964 4650 ι.
984 4608 1051 4670 pag.
1069 4597 1126 4663 tot.
1142 4594 1191 4650 ed.
