2624 5176
133 766 262 856 m...
447 762 902 848 recursionis.

134 982 174 1049 sd
193 996 327 1044 aetatem
351 979 487 1043 nollram
511 1001 576 1042 non
601 994 835 1064 pervenerunt,
867 980 1205 1067 comprehendentem,

133 1092 349 1153 Romanorum
367 1086 555 1170 Imperatori
575 1084 762 1147 Theodosio
783 1084 970 1168 inscriptum
985 1086 1097 1151 fuiss'er
1118 1090 1207 1154 unde

69 1180 76 1199 ⁴
132 1196 250 1259 merito
267 1194 301 1254 in
320 1192 405 1255 calce
424 1193 603 1276 Burgensis
620 1191 811 1274 exemplaris
830 1192 914 1253 Msti
926 1191 1107 1258 relatnmad
1119 1194 1207 1258 'lhe-

134 1293 275 1365 odolium
299 1297 493 1383 epigramma
520 1296 605 1376 (hoc
631 1297 726 1359 etiam
751 1298 786 1358 in
808 1294 929 1361 vetullo
947 1297 1011 1359 alio
1029 1298 1209 1384 exemplari

134 1405 283 1473 venetiis
301 1405 335 1465 in
352 1403 547 1466 bibliotheca
561 1405 612 1464 D.
623 1404 754 1466 Antonii
771 1404 912 1488 legitur)
942 1417 1027 1487 tanq.
1042 1403 1077 1467 in
1092 1405 1207 1471 limine

51 1518 58 1530 '
135 1512 268 1576 alterius
285 1510 361 1572 libri
379 1507 564 1571 Theodosio
581 1508 677 1572 dicati
696 1509 861 1587 habeatur.
904 1510 947 1570 Et
964 1506 1043 1571 haec
1065 1524 1140 1572 sunt
1155 1520 1207 1574 ari

135 1631 301 1702 gamem,
333 1615 448 1702 quibus
475 1612 601 1677 suaderi
627 1612 760 1701 potest‚'
777 1615 927 1690 Aemilium
945 1615 1065 1676 Probent
1079 1638 1146 1679 non
1165 1622 1205 1682 Τ.

135 1726 248 1808 Pomp.
266 1723 364 1785 Attici
382 1735 503 1795 aetate,
534 1720 591 1782 sed
619 1719 677 1781 sub
702 1718 898 1782 'l'hcodosiis
916 1723 1206 1787 etarcceutiorihus'

27 1898 34 1917 .
135 1833 236 1914 lrnpp.
255 1826 413 1892 lloruiss‘e.
450 1826 635 1889 Contrarias
654 1845 733 1885 vero
749 1841 857 1909 parics
874 1829 901 1891 si
920 1827 993 1912 quis
1009 1827 1093 1891 tueri
1112 1830 1203 1905 velit,

103 1924 188 1998 Ὶίο
211 1933 314 2019 potest
341 1949 452 1997 contra
484 1934 543 1994 niti
569 1947 602 1995 et
626 1931 780 1994 differere
806 1934 1025 2016 argumentis.·
1062 1934 1206 1999 Primum

135 2044 249 2126 Pomp.
267 2041 365 2104 Attici
383 2054 415 2103 ct
441 2039 608 2101 Ciceronis
634 2052 735 2100 aetate
755 2036 897 2101 iloruill'e
916 2037 1036 2099 Probum
1052 2038 1204 2118 nostrvm,

137 2146 385 2210 demonstratur:
412 2145 498 2231 quod
524 2145 648 2227 vulgata
672 2144 782 2228 operis
807 2144 1007 2227 inscriptio‚‘
1025 2158 1058 2208 et
1070 2146 1206 2213 Catonis

136 2253 217 2325 vita,
244 2254 335 2335 Pomp.
351 2256 438 2314 tirrici
453 2265 593 2337 apertam
611 2253 805 2313 mentionem
823 2251 1005 2319 continente
1034 2274 1116 2337 qnae
1135 2255 1207 2318 loci

136 2374 306 2444 corrupta,
329 2373 361 2422 ct
376 2358 501 2420 mendis
519 2357 674 2418 maculosa
696 2358 770 2431 elle,
793 2356 922 2417 exnrrds
935 2357 1208 2439 conjectura-oon.

135 2465 271 2530 tendilse
290 2487 354 2528 non
369 2465 472 2528 datur.
516 2464 650 2526 Accedit
663 2463 791 2525 dicendi
807 2460 924 2546 phralis
934 2476 967 2524 et
975 2463 1128 2548 loquendi
1136 2486 1207 2529 mo·

136 2570 214 2644 dus,
233 2592 309 2633 meo
330 2572 459 2657 quidem
474 2570 594 2651 judicio
610 2571 727 2632 melior
744 2582 776 2630 et
793 2569 973 2652 elegantior
996 2569 1029 2628 in
1048 2566 1112 2632 hoc
1130 2584 1206 2636 suc&

136 2692 219 2750 tore,
242 2690 335 2762 quam
351 2680 385 2740 in
396 2679 437 2740 iis
446 2680 641 2762 reperiatur,
665 2674 1206 2760 quiTheodoliorumsaeculoscri·

136 2783 285 2867 pserunt,
308 2804 380 2847 cum
396 2786 464 2845 Lat.
483 2784 609 2866 linguae
626 2763 763 2865 dignitas
783 2782 1004 2853 oblolorillet,
1034 2769 1068 2843 et
1084 2782 1208 2847 candor

136 2888 301 2951 barbarica
317 2890 450 2974 quadam
468 2891 559 2951 faece
577 2891 655 2952 ellet
674 2889 907 2972 coinquinatus.
950 2887 1000 2948 Ad
1021 2887 1100 2951 haec
1126 2892 1206 2953 cita·

135 3007 189 3056 tur
203 2995 257 3057 hic
281 2998 417 3079 Aemylii
443 2996 544 3059 Probi
564 2996 647 3057 libor
664 3017 680 3057 a
696 2996 867 3058 Plutarcho
885 2998 919 3056 in
937 2995 1094 3057 Annibale
1119 2997 1206 3076 (nisi

86 3110 88 3115 '
135 3104 352 3167 arecentiorc
379 3104 527 3191 quopiam
554 3112 703 3175 auclore,
740 3123 870 3164 avorum
888 3100 1064 3163 nostrorum
1082 3108 1206 3167 memoss

131 3207 199 3281 ria,
223 3210 389 3272 Annibalis
404 3211 468 3273 vita
483 3211 582 3285 haec,
606 3231 685 3294 qnae
703 3210 735 3269 in
752 3209 914 3271 Plutarchi
934 3209 1087 3270 familiam
1103 3211 1204 3294 vulgo

133 3315 310 3399 recipitur,
334 3317 512 3400 conscripta
529 3314 595 3395 eil)
627 3316 683 3399 qui
698 3316 820 3376 Auctor
838 3315 949 3377 floruit
967 3331 1112 3399 tempore
1129 3319 1204 3403 Ulp.

133 3419 260 3500 'l'rajani
277 3425 355 3508 lmp.
380 3423 434 3506 qui
460 3442 541 3481 anno
566 3420 720 3482 humanae
741 3421 851 3481 salutis
870 3423 1047 3491 centesimo
1065 3424 1206 3508 impera-

134 3546 171 3587 re
192 3528 318 3609 coepit:
340 3528 391 3589 cui
408 3528 691 3610 praeceptorl'uit‚
724 3541 757 3587 et
781 3528 918 3589 Politica
942 3548 1015 3600 sua,
1050 3542 1084 3590 nt
1100 3531 1206 3592 nemi·

132 3650 206 3693 nem
223 3631 313 3708 latet,
336 3614 515 3717 ‹lclcriplit‚
539 3633 663 3715 aliaque
679 3633 807 3696 dicavit..
850 3635 978 3713 Traiani
998 3656 1077 3701 vero
1097 3637 1203 3721 impe·

132 3740 216 3801 rium
233 3741 305 3823 plus
323 3740 421 3801 nimio
438 3761 454 3799 a
472 3740 577 3825 primo
595 3738 771 3801 'l'hcodosii
790 3741 935 3803 Senioris
954 3742 1091 3826 imperio
1106 3742 1207 3806 dissi·-

14 3895 23 3905 .
132 3858 199 3906 tum
217 3842 277 3917 est,
300 3866 416 3930 nempe
430 3847 519 3907 annia
539 3845 685 3909 ducentis
706 3844 868 3931 octoginta
887 3850 1008 3923 tribus,
1038 3865 1072 3913 ut
1089 3871 1130 3912 ex
1145 3872 1205 3914 re·

132 3952 179 4013 ris
188 3964 368 4035 temporum
384 3953 662 4035 supputationibus
673 3956 873 4038 vulgatieque
889 3957 1115 4042 chronologiis
1125 3976 1204 4042 cog:

131 4074 270 4120 noscere
287 4059 373 4120 licet.
417 4057 508 4121 Adde
530 4061 615 4142 quod
639 4062 797 4135 Galenus,
831 4064 905 4145 qui,
937 4079 971 4128 ut
990 4064 1146 4127 Eusebius
1168 4065 1203 4126 in

72 4196 77 4204 ·
133 4161 304 4226 Chronicis
318 4165 466 4238 tollatur,
496 4188 577 4229 anno
598 4191 614 4229 a
636 4169 745 4231 salutis
764 4169 1041 4235 nollrse'exordio
1060 4173 1201 4234 centesi-

132 4286 186 4330 mo
207 4269 449 4355 quadragesimo
465 4272 571 4357 primo
593 4273 745 4351 florebat,
776 4279 809 4339 in
827 4278 911 4340 libro
931 4281 973 4341 de
990 4280 1144 4342 Theriaoa
1161 4278 1200 4340 ad

132 4374 415 4463 Plionem'(quod
433 4381 465 4441 in
483 4380 750 4451 Annotationibus
770 4383 884 4447 nollris
901 4387 936 4446 in
951 4388 1052 4448 Probi
1067 4387 1201 4447 Praela-

131 4480 253 4545 tionem
271 4482 460 4565 docuimus)
488 4487 582 4568 hujus
602 4489 684 4549 Probi
705 4489 871 4565 historiae,
895 4493 960 4554 nisi
980 4492 1092 4563 fallor,
1124 4510 1200 4574 supa

132 4589 238 4672 prelio
256 4604 360 4657 tamen
376 4594 517 4655 auctoris
535 4596 663 4658 nomine
683 4609 715 4658 et
733 4595 809 4658 libri
826 4599 938 4672 titulo,
957 4598 1123 4661 meminit:
1145 4618 1198 4658 cn-
