2624 5176
173 446 176 453 Ι
247 432 251 445 ι
847 426 899 445 Ἰ

137 454 143 467 s
226 458 231 465 .
271 452 298 471 ,-

282 517 290 533 a
1016 508 1043 535 ²,

333 538 338 547 ι
380 538 388 553 5
973 548 978 555 -

231 564 236 571 ι
343 558 348 575 Ι
1012 576 1015 583 Ι

80 714 176 849 ‚³17⁶
339 716 962 875 connauunnrorrs

111 960 389 1047 terumprolsaffet,
425 970 512 1044 idque
533 971 629 1025 ieciffe
667 927 724 1042 que
748 970 869 1047 fratrem
891 971 1038 1043 proscribi
1054 991 1074 1026 c*

113 1042 265 1103 Cimonem
280 1036 572 1102 ex.h.l.oiieudiii'ct‚
587 1056 632 1092 cc·
666 1043 744 1097 inter
764 1037 906 1094 milttarer
926 1040 1010 1108 joco,
1029 1040 1074 1094 hic

12 1118 31 1127 '·
111 1116 177 1163 tera
198 1104 237 1161 aa
258 1106 336 1161 launo
357 1106 474 1162 modam
499 1105 630 1179 expedit:
666 1111 788 1177 jactatus
805 1101 860 1158 elle

110 1173 195 1233 Unde
215 1172 322 1249 igitur,
355 1175 487 1248 inquies,
513 1178 632 1233 Gerana-
722 1190 726 1203 ·

110 1260 179 1300 nam
194 1242 307 1299 vocat?-
322 1242 494 1315 Respondco
509 1248 545 1298 eo
564 1243 635 1298 Ger·
702 1245 752 1301 De
766 1244 967 1309 demonem,
993 1263 1074 1299 nona

110 1328 238 1368 monum
253 1328 289 1366 eo
304 1311 372 1366 loco
385 1310 458 1365 nihii
469 1311 550 1368 aliud
564 1312 631 1375 elie,
715 1311 1074 1388 leisdootriumplsontco

110 1396 198 1457 quam
217 1377 416 1447 ὁμοπάτριον.
452 1379 538 1461 Quod
553 1379 633 1432 enim

110 1448 160 1505 vir
181 1444 373 1503 disertiilimus
401 1456 555 1521 tantopere
574 1447 631 1501 ola·
666 1450 740 1505 Cum
755 1459 851 1502 tamea
864 1449 981 1503 Paullus
990 1449 1074 1522 Lepi<

109 1526 187 1581 mat,
206 1514 236 1568 id
245 1518 300 1570 elie
309 1514 479 1581 barbarum,
499 1533 557 1570 non
573 1531 632 1569 me·
666 1516 722 1570 dcii
780 1527 841 1575 tur.
859 1515 1018 1590 adoptione
1033 1518 1074 1570 sol

110 1585 243 1649 minerat,
259 1583 470 1638 Grammaticos
485 1582 552 1637 inde
562 1582 631 1639 Ger·
665 1584 704 1641 do
719 1535 760 1641 ‘di-
779 1586 819 1639 Le
843 1585 882 1639 idi
899 1585 991 1640 irater
1009 1585 1074 1638 iuer

110 1669 221 1708 monos
246 1650 400 1715 derivare,
421 1649 502 1725 quod
528 1651 631 1705 eodem
665 1650 735 1708 inde
749 1653 788 1708 ob
802 1603 973 1716 idcrimu,
990 1663 1071 1705 utnu

110 1719 261 1797 germine,
277 1721 306 1774 ir.
323 1736 349 1775 e.
388 1729 468 1784 atre,
493 1718 631 1792 prognati
666 1722 831 1778 ostracismo
847 1738 908 1776 non
921 1721 1018 1793 potuit
1032 1721 1071 1785 eii

110 1791 207 1844 effent.
221 1789 334 1844 Festus:
382 1806 484 1849 ermen
491 1796 546 1855 est,
554 1784 633 1871 quod
666 1790 847 1844 ollracismus
859 1809 919 1843 non
931 1790 1074 1910 sueritpo

109 1875 149 1914 ex
170 1854 315 1912 orborum
336 1855 466 1912 surculis
483 1861 632 1921 noscetur,
666 1857 1022 1924 lem,sedtantuminvi
1046 1858 1074 1909 io

109 1922 190 1981 unde
207 1930 237 1979 et
251 1925 415 1987 Gennnni,
430 1921 632 1997 quaerendem
665 1925 736 1980 tutis
767 1927 847 1980 velut
876 1925 1052 1979 imminutio.

109 1996 202 2117 stirpe
239 1993 323 2051 eniti.
344 1993 464 2050 Servius
482 1993 512 2045 in
523 1998 558 2048 i.
575 1996 630 2045 Ae·
667 1993 814 2049 Comicus.

108 2064 187 2116 uei.
233 2078 376 2119 ermanus
390 2068 450 2124 est,
468 2057 632 2116 secundum

47 2132 56 2147 ¹
115 2130 280 2188 Varronem
297 2131 330 2183 in
354 2126 442 2183 libris
465 2125 502 2184 de
526 2125 633 2184 Gradi·
698 2128 757 2183 Καὶ
774 2129 804 2181 ei
828 2128 968 2201 πέπραχε
993 2136 1074 2186 saiw

108 2198 180 2266 bus,
203 2198 241 2255 de
260 2194 368 2253 eedem
414 2197 544 2252 enetrice
567 2211 631 2249 mo·
731 2199 784 2260 μὲν
803 2192 878 2252 ἄξια

106 2285 199 2332 anns,
207 2284 279 2329 non,
295 2272 329 2318 ut
338 2266 394 2321 MU
419 2265 455 2318 Ti
471 2259 632 2329 dicunt,de
696 2261 777 2319 ’Λυτῡ
794 2266 826 2320 δὲ
839 2271 890 2320 ant
905 2271 964 2321 eoin
982 2267 1072 2336 ripaei

106 2335 211 2392 eodem
223 2332 380 2409 germine,
403 2349 476 2405 quos
495 2329 549 2388 ille
562 2337 630 2385 tun-
730 2329 844 2400 veiim

106 2411 171 2459 tom
193 2400 310 2472 fratres
342 2409 436 2456 vocat.
480 2398 571 2457 Vides
598 2396 628 2451 id
698 2398 744 2455 ov·
761 2403 825 2469 pop
840 2400 968 2455 τούτων
985 2399 1066 2456 elcesi

105 2470 259 2528 MULTOS
274 2468 436 2535 tradidiffe,
463 2471 629 2523 Varronem
731 2468 852 2538 tapsar.

106 2540 200 2607 solum
216 2536 411 2610 improbaile'l
428 2542 457 2591 ct
472 2534 628 2599 immerito,

106 2607 132 2660 si
153 2624 252 2662 veram
271 2605 397 2658 neminie
421 2604 566 2657 rationem
584 2601 627 2656 vi·
663 2602 762 2658 Videi
784 2604 860 2668 itur,
880 2605 976 2657 virum
996 2605 1074 2659 inno«

106 2672 185 2730 deas.
211 2676 284 2745 Imp.
300 2671 628 2725 lastinianuslniiit.1)e
663 2689 740 2724 mum
765 2623 839 2728 doleo
864 2673 1026 2726 testimonio
1044 2692 1061 2725 o

104 2741 163 2815 leg.
183 2742 257 2815 Aga.
283 2758 360 2793 succ.
387 2737 411 2807 §.
444 2742 507 2792 Hoc
528 2739 626 2791 ctiam.
663 2741 808 2795 Hactenus
829 2739 892 2795 flas
916 2743 1021 2796 ersius.
1060 2692 1074 2818 d

107 2808 627 2881 Germanomconsonguineompro
663 2808 787 2881 amplius
810 2807 867 2874 iam
891 2758 932 2863 {a
961 2826 1046 2862 causa

105 2894 211 2932 sorore
251 2875 429 2941 ὁμοπατρίῳ
465 2874 625 2947 usurpavit.
663 2890 733 2930 vera
749 2874 933 2950 dispicimus,
957 2894 1073 2932 nemoe

106 2936 283 3003 lanceatam
305 2941 479 2999 addendum
506 2949 630 2996 nostroe
662 2941 719 2999 lius
731 2947 845 3018 Nepote
860 2946 957 2999 noilro
975 2948 1074 3017 exposa

105 3013 315 3069 constitutioni
327 3011 579 3075 existimavimus,
597 3015 630 3062 ut
662 3008 709 3067 bis
725 3016 858 3086 punitum
875 3014 931 3077 ait,
951 3014 1038 3066 semel
1059 3035 1074 3066 c

105 3082 310 3155 transferatur
323 3097 400 3135 unus
417 3076 629 3135 tantummodo
662 3093 788 3162 propter
807 3082 900 3155 patris
915 3080 1049 3134 mulctam
1069 3087 1074 3138 l

146 3149 223 3207 udus
249 3166 269 3204 o
285 3145 357 3221 jure
378 3148 572 3221 cognationis
595 3146 629 3200 in
664 3159 769 3202 iterum
786 3150 980 3211 ostracismo‚
1001 3149 1074 3204 obst

118 3220 277 3294 egitimom
310 3219 554 3286 successionem
596 3221 629 3267 nt
662 3233 728 3269 nem
753 3217 913 3288 tyrannidis
933 3221 960 3281 5,
980 3219 1016 3281 3,
1036 3237 1056 3271 1.

105 3307 167 3345 non
179 3286 278 3343 solum
280 3281 395 3353 fratris
405 3283 497 3350 filius
510 3281 628 3349 etfilio,
663 3285 864 3350 concilianda,
882 3287 935 3341 five
948 3287 1048 3358 potius
1064 3305 1074 3340 c

105 3354 268 3415 secundum
293 3351 372 3425 quod
395 3351 465 3425 jam
491 3351 628 3418 definivi·
664 3353 755 3424 genda
777 3356 815 3408 est
837 3354 912 3419 illa,
941 3371 1015 3426 quae
1035 3354 1071 3407 de

105 3438 192 3491 mus,
225 3421 266 3477 od
289 3426 505 3477 successionem
531 3420 629 3495 patris
662 3439 777 3543 poenae
794 3420 871 3496 apud
885 3422 1026 3476 ductores
1043 3441 1074 3476 oc

106 3493 154 3549 sui
175 3497 335 3561 vocemur,-
366 3490 533 3546 sedetiam
557 3489 627 3544 Ger·
684 3491 828 3558 ivcrlrtac3
850 3506 974 3562 quorum
989 3492 1074 3543 aiiiiil

106 3578 220 3625 manoe
234 3576 349 3614 consen
395 3559 500 3623 ineos,
518 3555 563 3611 oei
584 3574 628 3610 so·
662 3559 790 3623 isthanc,
809 3559 939 3612 utsoiam
952 3554 1074 3613 tradunt

106 3630 186 3685 roris·
193 3626 332 3684 uterinae
336 3573 428 3694 fidus
442 3634 471 3681 et
481 3623 558 3690 filiu
570 3622 629 3678 soli
662 3624 744 3691 dcrn,
770 3637 820 3690 ut,
848 3625 927 3698 quod
944 3627 1051 3691 scirtio,

107 3707 161 3754 etc.
182 3699 291 3752 Contra
306 3694 456 3772 Vergilius
469 3693 534 3747 Lib.
551 3696 576 3748 5.
592 3692 626 3744 E·
663 3694 709 3746 eui
732 3704 849 3768 poterat
873 3693 1057 3767 persuaderi,

106 3781 204 3835 ryccm
226 3765 319 3817 Butae
335 3776 364 3818 et
384 3762 510 3820 Veneris
523 3760 625 3823 lilium,
662 3770 721 3816 tem
740 3781 800 3816 uno
823 3774 955 3835 tempore
977 3781 1036 3817 uno
1057 3764 1074 3815 l«

108 3834 223 3888 Aeneae
241 3831 424 3887 Germanum
447 3839 549 3893 vocat,
574 3828 625 3902 qui
661 3846 771 3903 suaque
786 3829 860 3884 adeo
877 3830 1010 3884 oblivisci
1026 3848 1074 3885 ver

107 3909 171 3954 erat
185 3909 295 3953 tantum
309 3899 401 3954 irater
418 3897 566 3952 uterinus:
661 3896 696 3950 de
713 3898 901 3952 matrimonio
917 3916 1054 3954 sororum

660 3974 747 4038 patre
761 3973 904 4021 notarum
920 3965 1043 4039 loquens
1059 3984 1074 4020 u

144 4035 226 4091 Haec
244 4034 412 4090 Germanus
429 4034 512 4107 Eryx
573 4051 626 4090 on·
662 4052 789 4089 monam
814 4035 998 4108 appellaret,
1025 4052 1074 4108 que

127 4107 131 4115 '
176 4101 439 4159 domtuusormn
455 4121 528 4178 gere
549 4112 601 4168 ot,
661 4103 754 4174 pollet
788 4103 943 4175 significare
972 4101 1073 4166 ὁμοπά

458 4210 462 4221 .
662 4171 710 4224 vel
734 4172 820 4226 aliter
842 4172 934 4255 accipi
958 4173 1074 4225 vellet*

108 4241 147 4295 Ut
165 4255 202 4293 co
225 4237 293 4292 ioco
317 4239 469 4293 annotavit
494 4235 626 4294 Servius.
663 4238 743 4304 cuius
766 4239 879 4312 ipsese
904 4250 1074 4312 interpreter

109 4306 240 4380 Amplius
258 4304 342 4371 dieo,
371 4308 458 4361 etiam
473 4305 628 4379 adoptivos
662 4306 811 4362 stituerat?
851 4311 932 4373 Hoc,
953 4306 1070 4379 inquam

109 4375 230 4438 frames,
258 4372 425 4431 Germanos
444 4390 517 4428 voce
541 4375 628 4430 latius
663 4377 805 4447 cogitaret
824 4375 859 4430 dr.
875 4379 941 4432 viro
958 4386 1016 4429 tam
1029 4376 1074 4430 cal

109 4445 122 4509 (
145 4440 627 4516 ‚nomismatanonnunquamdici.
661 4442 843 4510 Latinitatis,
872 4457 930 4498 tam
946 4457 1074 4517 promtae

111 4460 198 4570 derio
218 4511 253 4564 A.
274 4513 308 4566 U.
327 4528 409 4567 occx.
432 4511 462 4565 in
479 4509 626 4584 triumpho
661 4511 771 4568 Betae?
801 4514 910 4567 Debuit
930 4530 1001 4586 ergo
1026 4512 1074 4586 ipli

109 4580 141 4635 la.
161 4578 283 4633 Munatii
306 4580 428 4642 Planci,
460 4589 489 4632 ct
509 4575 626 4632 Aemilii
660 4597 717 4651 que
742 4583 934 4644 auctoritate,
974 4578 1019 4633 cui
1050 4592 1074 4634 ta

108 4643 232 4722 Lepidi,
258 4644 293 4703 dc
312 4648 438 4715 Galleis,
462 4662 527 4702 cum
548 4656 625 4702 uter·
661 4639 813 4719 creditor,
830 4649 977 4716 comtum,
995 4656 1074 4725 μνη
