2624 5176
106 811 163 862 m
221 782 224 790 ·
402 740 882 860 ranacario

110 999 338 1101 praeposita,
372 1001 473 1072 utin
502 998 690 1099 plerisque
720 996 844 1094 libris,
883 994 948 1068 sed
982 993 1190 1095 postposita,

110 1141 356 1223 compareret.
407 1122 535 1211 Paullo
553 1120 985 1222 liberaliorinNepotem
995 1117 1109 1190 voluit
1120 1117 1192 1191 else

109 1246 324 1330 Britanniaz
357 1246 514 1343 eontulit
528 1246 626 1319 enim
641 1247 895 1323 adornandae
908 1248 987 1345 ejus
999 1243 1106 1318 Vitas
1116 1218 1195 1317 duo

115 1371 298 1460 Codices,
336 1397 493 1471 quorum
520 1370 612 1455 alter
640 1370 895 1467 cantabrigiae
923 1368 975 1443 est.
998 1368 1037 1440 in
1057 1366 1194 1441 biblio·-

89 1496 224 1569 '.theca
239 1493 401 1592 ..collegii
425 1490 636 1586 Trinitatis,
663 1495 816 1591 alterum
834 1492 969 1572 Oronii
986 1491 1195 1596 pollederat

110 1618 561 1709 ‚FranciscusBernardus,
585 1620 675 1695 artis
695 1620 863 1693 medendi
882 1616 1087 1692 doctore).
1123 1620 1195 1690 Le·

116 1742 1195 1844 ctionesexcerptaeerutroquelegtmturineditionero·

0 1934 1 1937 ,
116 1868 270 1959 aiensi,
311 1866 375 1941 sed
403 1892 632 1970 perpaucae,
679 1887 719 1942 ut
751 1869 843 1941 haec
868 1883 992 1940 aarum
1024 1868 1196 1968 paucitas

107 1992 245 2066 «timere
270 2018 342 2079 nos
372 1991 518 2089 jubeat,
554 2010 595 2064 ut
617 1994 773 2069 Codices
799 1993 872 2094 ipsi
897 1990 1196 2090 diligentersatis

109 2134 156 2189 et
175 2118 316 2191 curiose
337 2114 479 2189 suerint.
495 2119 636 2191 exculli.
689 2120 764 2194 Sed
791 2120 948 2193 summae
975 2118 1047 2190 hoc
1075 2117 1115 2190 in
1133 2138 1197 2214 ge·

116 2266 206 2315 nere
230 2239 439 2337 diligentiae
461 2241 540 2316 laus
560 2243 669 2316 debet
689 2244 761 2319 snae
781 2245 857 2317 ulla
878 2243 1120 2318 controversia
1128 2245 1197 2313 Pe·

117 2362 345 2451 tro'Danieli
358 2363 408 2434 ¹9)
430 2365 559 2453 tribui,
590 2367 654 2466 qui
675 2369 832 2443 Codices
854 2369 906 2440 sui
929 2368 1108 2442 lectiones
1121 2366 1198 2465 ipse

117 2490 158 2563 in
175 2487 340 2584 margine
353 2489 508 2589 exempli
527 2492 746 2589 Longoliani
765 2493 968 2592 scripserat.
1019 2496 1122 2592 Quae
1133 2491 1201 2565 nist

109 2613 341 2689 ..auctoritate
353 2612 483 2686 Jacobi
495 2615 681 2712 Bongarlii
691 2616 740 2688 ad
751 2617 892 2691 calcem
902 2615 1073 2689 editionis
1084 2619 1200 2687 Fran·

120 2736 338 2817 cosurtcnlis
354 2737 492 2837 positae
510 2736 674 2827 faisant,
699 2737 846 2813 sortasse
863 2714 988 2816 llosius
1001 2759 1039 2812 et
1048 2739 1108 2811 alii
1121 2765 1202 2811 non

103 2870 196 2943 .,tam
224 2860 352 2935 salices
379 2842 524 2934 suilscnt
546 2861 787 2948 inpellendis
807 2866 1051 2964 sanandisque
1076 2862 1203 2938 multis

112 2986 295 3067 ¹vitarum
320 2984 481 3058 Cornelii
505 2985 648 3060 mendis
677 3004 788 3084 atque
809 2987 1030 3064 ruhteribus.
1081 2990 1204 3087 Major

122 3127 247 3185 tamen
268 3108 443 3181 industria
468 3127 505 3184 et
528 3109 717 3207 diligentia
740 3131 929 3212 comparet
952 3113 991 3185 in
1014 3111 1204 3212 prioribus

110 3232 433 3333 ,Imperatoribus,
456 3233 542 3305 inde
565 3259 587 3305 a
607 3235 770 3315 Miltiade
790 3237 838 3309 ad
853 3238 1056 3334 Agesdaum
1069 3263 1202 3335 usque,

109 3383 232 3457 ‚quam
251 3358 289 3428 in
311 3356 468 3431 ceteris=
501 3383 590 3435 nam
608 3385 651 3429 er
670 3365 831 3432 Eumene
856 3361 1027 3459 quidem,
1064 3360 1206 3432 Hamil·

113 3505 207 3555 eare
224 3497 261 3552 et
280 3479 486 3553 Hannibale
503 3481 560 3554 vir
584 3483 677 3557 duae
700 3483 755 3555 vel
778 3503 854 3562 tres
873 3485 1052 3560 lectiones
1074 3504 1206 3558 enota-

113 3668 174 3767 ¹17)
192 3692 268 3749 Vide
285 3693 414 3817 Mapium
435 3692 472 3748 ad
490 3694 566 3751 Mitt.
582 3698 610 3763 4,
624 3700 653 3765 4.
674 3697 747 3754 Cim.
767 3715 793 3769 2,
811 3706 838 3769 4.
857 3700 953 3757 Alcib.
975 3723 1016 3771 ιο,
1031 3707 1057 3775 4.
1076 3704 1205 3762 Timoth.

151 3765 180 3831 3,
201 3765 226 3818 3.
243 3769 271 3830 4,
290 3782 313 3816 ι.
360 3779 454 3818 umen.
476 3766 505 3830 6,
524 3764 550 3819 ³.
572 3765 701 3825 Fischer.
723 3770 850 3844 Magium
869 3769 970 3841 eodem
988 3775 1039 3828 illo
1062 3774 1205 3846 Burgensi

154 3828 258 3886 codiee
272 3848 353 3884 usum
368 3829 448 3912 suillo
485 3849 572 3905 quein
589 3837 682 3912 postea
697 3837 833 3895 schottus
848 3840 988 3911 inspexit,
1007 3842 1076 3896 mihi
1091 3860 1149 3895 non
1165 3843 1207 3896 ita

123 3970 127 3981 Ι
155 3898 338 3981 exploratam}
352 3899 405 3979 elle
420 3867 553 3982 videtur,
574 3915 604 3956 ut
619 3924 677 3958 tion
692 3906 729 3958 ali
755 3908 799 3961 uis
812 3926 845 3962 ea
860 3906 895 3961 de
911 3925 942 3961 re
957 3908 1092 3965 dubitare
1107 3911 1204 3982 pellit.

154 3968 241 4022 Certe
259 3967 371 4040 Magius
388 3984 450 4037 ipse
466 3987 496 4021 m
513 3971 701 4027 adnotatione
716 3923 752 4032 a]
766 3976 840 4032 cim.
852 3995 885 4040 a,
903 3981 929 4044 4.
945 3977 992 4040 (v.
1008 3995 1096 4052 supra
1113 3996 1142 4031 n.
1159 3980 1207 4045 3.)

153 4035 312 4116 Burgepsis
333 4030 443 4089 codicis
464 4040 581 4161 copiam
596 4059 611 4094 a
625 4043 759 4113 Gaspare
783 4044 905 4112 saccio,
926 4042 1065 4121 diligente
1081 4045 1207 4101 archite-

154 4112 220 4170 cto,
239 4102 295 4155 subt
314 4102 418 4176 saetam
440 4108 496 4159 scri
523 4109 559 4175 it,
580 4120 609 4163 et
624 4110 655 4164 in
669 4110 743 4170 locis
763 4114 838 4168 lllilt.
854 4118 882 4182 4,
902 4117 928 4166 l.
946 4116 1066 4171 Eumae.
1087 4119 1115 4184 5,
1133 4138 1160 4188 7.
1178 4120 1207 4186 6,

158 4189 183 4224 ι.
193 4170 280 4224 aliter
291 4188 308 4223 e
324 4171 442 4293 Molpio,
461 4174 547 4256 aliter
564 4178 711 4234 aScliotto
721 4185 782 4254 Bur
803 4183 879 4239 ensis
890 4141 960 4236 liin-i
974 4186 1117 4257 scriptura
1129 4203 1208 4240 eom·

155 4249 346 4319 memarptur.
369 4256 434 4325 'am
448 4243 524 4296 Mitt
538 4247 566 4312 4,
579 4248 604 4313 4.
620 4249 733 4320 Magius
750 4197 935 4326 inlturgensi
954 4251 1055 4306 codice
1066 4254 1209 4325 scriptum

156 4304 308 4360 elsedtctt:
327 4323 448 4377 uereque
456 4312 685 4390 contenderent,
705 4318 857 4374 schottus:
876 4320 996 4392 acieque
1007 4319 1206 4378 decertarent.

155 4373 277 4430 Eumen.
296 4382 323 4440 5,
340 4393 368 4442 7.
386 4381 499 4450 Magius
518 4397 552 4434 ex
571 4382 623 4436 illo
640 4384 744 4441 codice
762 4388 894 4461 profert:
915 4387 952 4444 ln
966 4389 1025 4444 ltac
1041 4389 1207 4447 conclusio·

143 4441 671 4570 a}sbffsflhsslclffltefaaffipellusiope.
689 4456 763 4508 Tum
779 4459 880 4542 capp,
895 4477 919 4510 ι.
931 4473 947 4510 a
960 4457 1058 4529 Magio
1079 4461 1209 4540 lturgen·

258 4545 265 4562 ·
560 4537 628 4575 aec.
654 4527 923 4597 utrumrepetttum
936 4521 1210 4582 Macedomomue-

154 4577 251 4645 πίνας
273 4589 376 4660 contra
398 4581 534 4664 Seli-ottus
557 4587 600 4641 ibi
623 4588 681 4664 legi
705 4590 849 4648 affirmat:
868 4601 970 4652 utrum
994 4594 1211 4666 reperiamini

161 4644 378 4706 Macedonium
391 4659 515 4708 cenaret.
