2624 5176
181 769 299 816 anan
481 719 943 824 rnamenta.

183 865 1249 904 ...W—Q*-

174 957 261 1038 suite,
283 961 440 1018 mensurii
452 956 558 1039 scribae
578 958 776 1034 existimamur.
817 954 922 1016 Etiam
937 953 991 1015 hic
1010 954 1102 1017 locus
1121 955 1253 1031 indicat,

181 1064 267 1125 bunc
282 1063 400 1125 librum
421 1065 484 1127 elle
503 1064 655 1149 scriptum
676 1061 829 1125 Romanis
853 1060 997 1144 potentia
1020 1062 1133 1145 populi
1151 1076 1185 1127 et
1198 1085 1253 1126 au·

182 1171 331 1232 ctoritate
352 1171 536 1254 optimatum
544 1169 718 1243 utentibus,
740 1191 804 1230 uon
821 1167 1069 1251 imperatoribus
1086 1167 1253 1232 dominun·

181 1275 280 1338 tibus.
323 1278 409 1361 quod
439 1278 563 1361 planius
592 1275 665 1351 fiet,
703 1274 824 1357 siquis
848 1274 951 1358 legat,
981 1284 1062 1359 qnae
1096 1276 1191 1339 etiam
1215 1277 1258 1341 sd

179 1377 267 1444 bunc
288 1383 395 1444 locum
409 1382 639 1447 annotavimus.
680 1380 803 1443 Ibidem
817 1381 951 1453 [xvflt.
971 1380 1002 1443 3.
1025 1386 1077 1463 4.]
1102 1382 1168 1444 sic:
1185 1382 1256 1442 Ma-

182 1489 290 1549 cedones
305 1509 369 1548 vero
385 1489 488 1549 milites
511 1511 540 1550 eo
557 1489 820 1570 maurenascae,
843 1506 974 1568 quenunc
983 1487 1096 1547 Romani
1107 1489 1256 1570 fumetur.

175 1592 287 1674 Etertim
300 1593 406 1675 semper
427 1596 512 1658 habiti
521 1598 590 1678 sum
603 1592 767 1682 fortisssmi,
789 1597 836 1675 qui
853 1593 984 1674 flammam
1007 1597 1115 1675 imperii
1130 1598 1256 1674 potiren-

177 1717 237 1761 tur.
267 1701 343 1762 ·Hic
368 1722 496 1785 quoque
524 1703 615 1765 locus
637 1702 796 1773 declarat,
830 1698 915 1760 hunc
937 1697 1054 1764 librum
1073 1699 1137 1762 elie
1153 1698 1257 1784 scrip·

176 1817 268 1878 tum,
297 1826 360 1889 qno
385 1821 530 1890 tempore
549 1808 687 1893 populus
707 1810 868 1867 Romanus
885 1805 1015 1888 imperii
1028 1804 1178 1867 summam
1196 1806 1255 1868 ob-

79 1946 86 1951 ·
181 1911 321 1985 tinebat,
351 1931 417 1975 non
447 1934 510 1997 quo
539 1915 752 1997 imperatores
776 1911 882 1976 omnia
906 1910 1047 1973 insuam
1069 1909 1258 1997 potestatem

181 2019 385 2102 redegerant.
405 2063 410 2071 ·
427 2024 506 2082 Nam
534 2019 781 2102 imperatoribus
811 2017 1065 2092 dominantibus,
1102 2019 1257 2081 Germani

83 2114 86 2119 ¹
181 2138 215 2187 et
238 2124 392 2187 barbarae
421 2125 568 2187 nationes
591 2122 821 2187 firmamentum
840 2139 874 2187 et
896 2125 997 2187 robur
1015 2138 1106 2186 erant
1128 2124 1257 2187 exerci-

181 2242 292 2302 tuum,
322 2251 388 2291 non
415 2232 552 2292 Romani
576 2245 630 2293 aut
653 2232 784 2297 ormino
805 2232 922 2294 Latini.
963 2228 1044 2293 lbid.
1069 2232 1205 2303 [xvtu.
1224 2229 1257 2292 8.

116 2402 124 2409 ,
179 2344 233 2420 un]
263 2336 330 2397 sic:
354 2336 478 2417 Namque
493 2336 670 2418 iduplcalaux
683 2338 837 2399 Alexandri
852 2339 971 2421 Magni,
993 2358 1059 2419 quae
1073 2333 1162 2418 riflum
1177 2354 1258 2417 pere.

176 2461 294 2523 grecae,
324 2441 511 2525 deviceratque
528 2442 646 2524 Persas,
669 2446 819 2503 inueterata
841 2463 900 2505 cum
914 2442 1023 2526 gloria,
1045 2461 1104 2504 tum
1125 2448 1207 2504 suaet
1219 2441 1258 2503 li-

179 2552 289 2622 centio,
312 2570 364 2608 nou
375 2567 473 2630 parere
480 2547 511 2629 se
532 2548 659 2624 ducibm,
672 2547 725 2628 fied
744 2553 876 2630 inperare
892 2547 1061 2631 postulabat:
1080 2567 1113 2608 ut
1125 2568 1197 2609 ituru
1209 2569 1259 2609 ae·

181 2654 381 2736 cerurcifacium
393 2655 488 2731 cusiri.
510 2655 606 2736 ltaque
619 2653 769 2736 periculum
784 2648 830 2731 est,
851 2675 884 2715 ne
892 2656 1023 2737 faciam,
1044 2653 1115 2736 quod
1129 2652 1260 2737 illifece·=

179 2777 249 2818 runt
264 2758 317 2840 suu
339 2765 544 2841 inmupercucia
564 2766 696 2842 mariaque
720 2761 846 2835 licencia,
877 2779 909 2821 uc
930 2765 1017 2821 omitia
1038 2758 1178 2840 perduct,
1210 2779 1259 2819 ue-

179 2882 230 2943 que
248 2867 335 2923 minuc
352 2887 412 2941 cos,
434 2889 492 2927 mm
507 2868 602 2949 quibus
613 2868 763 2949 steterim,
792 2886 870 2947 mam
895 2865 1024 2947 adversus
1041 2885 1106 2945 quos
1122 2864 1256 2945 fecerim.

179 2969 244 3031 Hic
262 2970 372 3045 locus,
395 2973 423 3034 si
445 2986 564 3036 attente
587 2972 823 3045 confideretur,
844 2992 968 3056 unaque
983 2972 1153 3055 legantur,
1176 2991 1259 3055 quae

180 3072 221 3137 sd
244 3099 316 3139 enm
339 3081 577 3154 annotavimus,
618 3081 759 3142 omnium
783 3076 973 3163 apertillime
995 3076 1132 3151 indicat,
1162 3091 1260 3169 atque

181 3187 305 3269 arguit,
334 3186 428 3268 hujus
455 3186 532 3248 libri
553 3186 744 3272 scriptorem
773 3184 1161 3256 consulumannuorum,
1191 3202 1260 3245 non

181 3290 661 3375 imperatorumperpetuornrn,
682 3293 881 3389 temporibps
899 3303 931 3352 et
948 3287 1109 3362 iloruiffe,
1130 3302 1163 3349 et
1175 3287 1258 3350 scri-

182 3395 281 3481 pliss'e.
324 3401 360 3459 ln
377 3399 496 3461 Catone
521 3390 864 3485 [xx1V.2.2.]sic:'
894 3395 938 3458 lbi
961 3415 1019 3456 cum
1041 3396 1146 3455 diutius
1163 3416 1258 3455 moru-

183 3522 276 3585 retur,
301 3504 336 3563 P.
350 3504 437 3584 Scipio
449 3504 613 3586 Africanus,
636 3505 726 3588 carifici
737 3509 857 3578 iterum,
879 3486 956 3583 cujus
969 3505 1104 3585 inpriore
1119 3501 1259 3583 consulatu

183 3607 304 3688 quaestor
311 3608 425 3691 ficerat,
448 3608 537 3670 uoluit
554 3631 613 3670 eum
636 3612 670 3671 de
687 3613 829 3691 provincio
846 3607 994 3690 depellere,
1022 3627 1050 3666 ec
1064 3606 1118 3688 ipse
1131 3610 1156 3666 ei
1164 3606 1266 3688 succe-¹

183 3710 265 3773 dere:
286 3714 368 3796 neque
383 3714 430 3776 doc
443 3734 498 3797 per
512 3716 638 3798 sertatum
650 3718 762 3801 ,efficere
777 3717 887 3799 potuit,
918 3734 976 3776 cum
1001 3713 1107 3793 quidem
1127 3714 1214 3796 Scipio
1230 3717 1264 3775 iu

183 3819 292 3878 civitate
315 3823 496 3902 principatum
517 3819 672 3898 obtem-ec,
708 3823 779 3904 quod
804 3842 862 3882 tum
884 3841 937 3880 nort
956 3825 1095 3901 poteratis,
1120 3818 1172 3902 sed
1187 3821 1260 3900 jure

184 3924 254 4004 resp.
273 3925 519 4002 udrciuistrcdarur.
563 3928 644 4025 Quis
664 3950 729 3991 non
746 3929 852 4001 ridet,
881 3925 933 3990 his
950 3926 1061 4011 paucis
1080 3923 1260 4008 verbispo·

185 4031 318 4094 tentiam
332 4034 496 4116 Pompeii,
518 4050 551 4120 et
569 4036 703 4103 maxime
724 4027 885 4107 Caesaris,
907 4032 1053 4097 vellicari
1075 4051 1111 4093 ac
1128 4030 1259 4094 notari?

185 4135 248 4196 His
264 4136 335 4198 fere
350 4141 543 4222 argumentis
560 4162 596 4204 ac
610 4140 796 4203 testimoniis
812 4140 847 4201 in
859 4139 940 4203 hano
958 4138 1144 4225 opinionem
1159 4136 1261 4200 addu-

187 4244 266 4317 cor,
299 4259 333 4307 nt
360 4268 416 4308 eos
440 4267 634 4332 magnopere
660 4246 730 4308 falli
755 4245 947 4331 existimem,
990 4242 1044 4330 qui
1067 4245 1160 4327 hujus
1183 4244 1263 4309 libri

185 4348 378 4432 scriptorem
401 4366 502 4416 aetate
531 4353 710 4415 Theodosii
729 4353 841 4427 ¹vinille
862 4352 1126 4436 pronuntiarunt,
1149 4373 1261 4437 quam-

188 4455 238 4517 via
255 4459 360 4540 magni
375 4460 514 4521 nominis
531 4457 605 4534 lint,
635 4461 669 4520 ln
692 4453 807 4544 quibus
825 4456 868 4519 est
882 4459 1103 4522 Robortellus.
1145 4460 1262 4523 Fuerit

190 4562 276 4623 euim
297 4563 497 4648 quantumvis
520 4563 653 4642 doetus,
685 4567 795 4635 multis
819 4565 853 4651 iu
871 4563 969 4630 rebus
985 4564 1087 4653 fuerit
1103 4565 1266 4642 oculatus,
