2624 5176
966 668 987 705 l

125 781 208 828 mr
369 703 964 826 'PRAEFAttos

115 975 144 1072 (
151 992 192 1047 ut
219 974 419 1063 Manutius,
463 975 551 1049 Sim.
573 973 703 1048 Rosius
725 989 761 1043 et
784 970 964 1046 Graevius‘
978 971 1017 1042 in
1039 970 1111 1043 luis
1132 971 1212 1044 edi·

125 1097 287 1172 tionibus
308 1064 551 1198 Epiistolaruni
572 1098 620 1170 ad
648 1095 855 1193 Atticino),
885 1095 1086 1195 ¹separatim
1111 1112 1148 1167 et
1168 1119 1212 1168 ¹e·

124 1238 332 1296 narrarunt'
353 1223 548 1321 diligenter
579 1219 803 1309 amittunt),
837 1224 1043 1308 Gesncrus,
1075 1216 1208 1292 attici).

160 1450 296 1493 accurate
312 1449 398 1513 etque
416 1435 564 1493 emendate
578 1436 691 1492 edendo
727 1439 887 1491 raeclaram
899 1451 967 1489 sane
982 1431 1126 1488 Harleliue
1139 1422 1208 1508 ope.

159 1523 222 1559 ram
240 1505 358 1580 posuit,
377 1525 434 1561 non
457 1515 551 1558 tamen
571 1507 717 1578 aequabili
739 1507 848 1579 ubique
866 1503 1015 1576 diligentia
1037 1501 1208 1558 constitutur

158 1573 216 1638 est,
234 1584 266 1628 ut
282 1594 342 1630 non
356 1591 464 1650 paucos
481 1574 562 1629 locos
578 1574 724 1637 invenias,
744 1593 835 1647 quos,
853 1575 899 1626 vel
915 1589 930 1624 a
947 1570 1107 1647 lambino,
1126 1572 1175 1624 vel
1191 1588 1210 1627 ι

157 1643 242 1695 Bolio
253 1660 408 1716 perperam
419 1652 553 1707 mutatos,
573 1643 672 1696 Novus
681 1642 785 1696 Editor
794 1643 914 1695 intactos
924 1640 1103 1712 relinquere,
1163 1656 1210 1693 am

158 1708 195 1762 ad
209 1722 340 1764 veterum
363 1712 507 1765 librorum
530 1711 730 1769 auctoritatem
751 1726 893 1764 revocare
916 1707 1026 1761 maluit.
1044 1710 1084 1760 V.
1108 1707 1207 1762 trib.

159 1799 185 1841 1,
202 1798 222 1831 i.
240 1780 378 1852 Thrasyb.
392 1783 419 1848 4,
437 1796 461 1832 r.
477 1777 544 1833 Dio.
558 1780 585 1841 6,
601 1780 626 1834 3.
648 1780 779 1852 Epamin.
797 1779 823 1842 3,
844 1797 866 1831 i.
883 1778 954 1847 Reg.
973 1795 996 1839 i,
1013 1793 1038 1829 a.
1055 1775 1118 1829 Cat.
1136 1795 1162 1843 i,
1179 1793 1206 1830 a.

157 1846 245 1901 Aine.
263 1864 290 1918 9,
308 1867 333 1901 a.
354 1859 408 1901 ete.
430 1845 506 1911 Sed,
525 1856 556 1900 ut
572 1851 601 1900 in
617 1846 797 1900 emendando
819 1847 948 1901 Cornelii
965 1854 1044 1897 textu
1059 1860 1118 1896 non
1131 1862 1207 1899 eem-

135 1960 154 1977 ,
179 1930 212 1968 er
233 1916 302 1968 eatis
319 1915 485 1988 diligentem
503 1933 533 1969 ie
550 1913 690 1968 llarlesiui
706 1915 873 1988 praestitit,
919 1914 957 1969 ita
985 1913 1014 1965 in
1042 1909 1208 1967 adnotanda

154 1931 293 2038 liciionts
308 1987 449 2037 uarietate
472 1981 615 2036 interdum
637 2001 695 2035 non
715 1981 930 2055 diligentiorem
944 1979 1107 2035 Fischerum
1123 1979 1208 2034 luiffa

156 2051 359 2123 eognovimus.
377 2054 435 2106 Noa
461 2061 558 2120 certe,
584 2051 632 2122 qui
656 2047 816 2111 Codicum,
841 2051 876 2103 ab
900 2051 965 2103 aliie
988 2047 1206 2112 consultorum,

155 2127 185 2171 et
202 2118 420 2189 antiquiorum,
446 2135 632 2191 quascunque
651 2119 737 2173 nobie
761 2117 864 2173 videre
885 2117 1024 2190 contigit,
1042 2114 1208 2169 editionum

153 2185 309 2239 lectionem
334 2186 430 2240 denuo
448 2198 581 2241 accurate
604 2188 843 2251 examinavimus,
869 2197 898 2240 et
922 2188 951 2239 iii
971 2183 1092 2254 exempli
1114 2185 1207 2237 nostri

153 2252 285 2324 margine
296 2255 477 2315 notavimus,
497 2256 643 2308 variarum
654 2255 811 2308 lectionum
827 2254 1045 2314 collectionem,
1065 2251 1207 2305 aFiselie·

153 2340 189 2376 ro
209 2320 381 2387 institutam,
399 2325 464 2395 plus
484 2320 616 2376 ducentis
631 2322 703 2376 locis
718 2324 764 2376 vel
780 2340 907 2376 maneam
925 2321 970 2375 vel
985 2320 1117 2373 vitiosam
1132 2337 1208 2404 pro·

152 2387 288 2442 nuntiare
304 2409 363 2444 non
379 2391 553 2444 dubitamus.
578 2391 676 2445 lllultie
692 2391 740 2443 illo
759 2391 831 2445 locis
848 2392 957 2445 nullam
974 2405 1008 2440 ex
1025 2389 1206 2458 antiquiori-

151 2457 206 2511 bus
230 2455 294 2512 edd.
309 2458 479 2512 varietatem
498 2458 661 2530 adscripsit,
681 2459 730 2512 ubi
753 2459 782 2511 id
803 2459 865 2513 sieri
890 2457 1007 2512 lectoria
1023 2459 1145 2511 maxime
1160 2458 1206 2509 in-

152 2533 282 2590 tererat,
298 2543 513 2598 nonnumquam
532 2545 578 2580 ea,¹
598 2544 613 2578 c
633 2526 717 2580 libris
737 2529 794 2582 iuis
815 2527 955 2582 lectiones
972 2524 1110 2597 protulit,
1130 2542 1228 2599 qums

152 2609 205 2647 noe
231 2592 261 2644 in
280 2593 383 2647 iisdem
401 2595 555 2665 exemplis,
576 2595 732 2665 diligenter
755 2595 906 2660 insiectii,
924 2611 983 2647 non
1008 2591 1204 2666 deprehendi-

151 2677 224 2713 mus.
244 2660 329 2737 Quod
344 2663 457 2716 'mirum
487 2664 613 2716 iroseeto
635 2662 721 2715 nobis
738 2665 844 2718 accidit
860 2667 889 2717 iii
907 2680 942 2716 eo
961 2662 1045 2725 viro,
1063 2661 1113 2732 qui
1139 2661 1205 2714 inli-

66 2748 78 2769 κ
150 2728 221 2781 nitis
238 2728 312 2782 loeis
332 2729 379 2783 vel
398 2731 555 2785 levilsimoe
576 2747 731 2801 operarum
755 2747 872 2786 errores
891 2749 906 2784 e
926 2729 1011 2783 libris
1030 2734 1089 2785 suis
1111 2726 1205 2783 adno-

151 2794 253 2850 tandos
270 2798 393 2870 putavit.
413 2801 563 2865 Tertium,
584 2796 663 2871 quod
682 2799 710 2849 in
730 2800 921 2854 h'isrherianis
941 2797 1077 2868 exemplis
1093 2797 1202 2851 merito

150 2861 311 2929 desideres,
332 2864 404 2918 illud
426 2868 483 2929 est,
499 2867 577 2939 quod
598 2864 796 2937 compluribus
813 2870 943 2922 l'itariim
967 2865 1098 2919 Cornelii
1124 2866 1201 2919 loci·
1225 2907 1229 2915 .

149 2931 232 2986 Bosii
244 2932 523 3002 animadversiones,
545 2936 573 2987 iii
590 2933 696 3006 quibus
708 2938 893 3006 superiorum
903 2937 1099 3016 liiterpretum
1110 2945 1201 2987 notae

148 3000 196 3053 vel
219 3001 442 3067 confirmantur,
463 3003 510 3056 vcl
531 3004 649 3058 uberius
666 3003 862 3074 explicantur,
882 3003 927 3056 vel
950 3012 1036 3055 etiam
1057 3002 1198 3055 refellun-

147 3078 215 3133 tur,
233 3065 401 3143 adscripsit,
419 3072 487 3138 has,
514 3073 579 3124 iine'
594 3071 700 3145 quibus
719 3074 861 3125 llosiaiiae
877 3071 957 3123 nullo
973 3087 1093 3143 proi-sue
1108 3067 1200 3123 modo

147 3135 271 3210 intelligi
287 3140 410 3210 possunt,
430 3157 488 3193 non
504 3143 651 3213 apposnit.
669 3142 705 3194 V.
724 3139 847 3194 llliltiad.
868 3159 891 3202 i,
909 3140 935 3193 ὅ.
949 3156 974 3192 e.
990 3140 1017 3201 3,
1032 3140 1058 3194 3.
1076 3139 1200 3192 Eumen.

148 3205 190 3268 13,
215 3221 236 3257 i.
254 3207 341 3260 litte.
356 3225 382 3276 9,
403 3226 427 3260 a.
449 3219 504 3261 ete.
521 3239 556 3251 -
574 3214 663 3264 Corn.
678 3209 751 3280 Nep.
771 3209 856 3261 litae
872 3225 933 3260 exc.
950 3209 1018 3280 imp.
1035 3223 1097 3259 cum
1116 3205 1198 3259 libro

145 3271 287 3344 singulari
304 3273 339 3327 de
355 3276 413 3327 vita
426 3277 459 3328 Τ.
475 3279 618 3349 Pompon.
632 3277 732 3330 Attici.
750 3279 783 3329 ln
799 3275 980 3330 commodum
998 3273 1139 3327 studiosae
1154 3275 1197 3338 ju-

143 3341 272 3393 ventutis
293 3343 482 3415 recognovit,
501 3345 626 3397 vitarum
641 3342 774 3397 ordiiicin
789 3362 888 3397 verum
906 3342 1047 3396 reducere
1063 3342 1196 3406 instituit,

144 3406 392 3462 introductionem
408 3409 444 3462 de
459 3413 587 3464 auctoris
602 3413 677 3472 vita,
698 3412 831 3484 seriptis,
849 3424 876 3464 et
892 3431 945 3463 usu
961 3429 974 3464 a
997 3421 1091 3463 entem
1109 3427 1196 3483 praua

105 3534 107 3538 Α
143 3475 222 3528 misit
232 3510 241 3540 ,
259 3487 341 3531 notai
355 3477 472 3531 criticas
488 3477 524 3529 ad
540 3479 645 3532 ealcum
657 3478 763 3542 adiecit
783 3480 885 3535 Frone.
898 3426 994 3537 ll'icoll¹
1012 3480 1113 3545 Titne,
1130 3477 1194 3531 ΔΑ.

141 3542 197 3598 LL.
219 3553 249 3596 et
273 3544 475 3614 Philosophiae
496 3549 624 3609 hoctor,
643 3547 833 3601 ilistoriarum
849 3550 877 3601 in
897 3548 928 3601 C.
948 3550 982 3602 R.
1003 3545 1195 3602 Unireelitata

142 3611 279 3684 Pragensi
298 3613 445 3668 Professor
480 3614 541 3671 ubl.
559 3614 622 3668 ord.
644 3617 685 3668 lle
707 3617 734 3667 ni
751 3615 908 3673 bohemiae
925 3614 1194 3689 Historiographue.

142 3677 253 3751 Pragae
267 3681 297 3733 in
311 3679 489 3755 bibliopolio
501 3683 616 3753 Caspari
632 3632 813 3740 Widtmann.
832 3687 902 3740 1813.
919 3686 945 3737 8.
960 3688 1079 3738 Textum
1090 3686 1194 3739 Stave·

141 3747 256 3802 rituum
274 3756 300 3800 a.
326 3751 401 3818 ¹77³·
423 3770 486 3806 euin
510 3752 735 3822 licusingcriana
758 3753 888 3806 editione
904 3752 1061 3825 diligenter
1077 3768 1195 3821 eompa-

141 3824 252 3880 ratum,
272 3815 323 3869 ned
341 3818 368 3869 in
386 3820 490 3891 primii
505 3820 641 3890 Longolii
656 3822 848 3878 recensionem
865 3832 992 3874 secutum
1003 3838 1033 3878 se
1043 3821 1114 3886 esse,
1131 3819 1208 3875 rii·-

141 3882 202 3936 nius
213 3883 376 3962 profitetur.
396 3887 441 3941 ild
453 3887 542 3942 ‚lutei
557 3894 580 3941 V
585 3891 652 3942 itam
664 3889 869 3946 emendandam
881 3889 950 3942 duas
966 3891 1098 3962 antiquas
1106 3889 1194 3949 editt.

141 3948 176 4031 de
192 3951 297 4074 quibus
313 3968 379 4006 mox
392 3955 458 4011 adn.
476 3962 520 4026 ql.
537 3956 669 4031 dicetur,
691 3960 823 4013 adhibuit
838 3958 886 4011 vir
899 3957 1089 4024 doetitlimus,
1110 3959 1192 4033 inge·

140 4035 219 4070 nice
236 4019 304 4100 ille,
324 4018 374 4074 aed
393 4024 529 4078 audacter
550 4044 783 4102 nonnumquam,
802 4027 832 4079 in
852 4026 1095 4098 recognoscendis
1114 4029 1191 4081 Cor·

139 4087 210 4140 nelii
233 4090 310 4144 Vitis
329 4092 466 4148 verhtus.
487 4096 529 4146 De
547 4093 599 4148 hec
621 4109 715 4150 autem
732 4097 855 4168 aliisque
871 4095 1086 4150 recentioribus
1097 4096 1189 4149 Corn.

139 4155 213 4230 Nep.
230 4153 312 4236 editt.
339 4155 495 4234 diligenter
513 4163 633 4235 exponit
648 4167 715 4220 Car.
735 4164 814 4219 Frid.
835 4163 1142 4237 llenr.'1lliieglingiur
1159 4164 1190 4216 iii

139 4223 265 4291 llmrleiu
276 4225 428 4306 §appiam
438 4228 475 4282 ail
488 4231 570 4284 brev.
587 4232 672 4287 notit.
685 4236 805 4288 litteral.
815 4234 904 4300 ¹llom.
919 4241 997 4303 part.
1015 4236 1067 4288 111.
1082 4254 1112 4308 p.
1127 4233 1187 4290 133.

140 4307 204 4364 iqq.
224 4302 253 4345 et
274 4311 305 4346 in
325 4293 535 4359 Additamentii
558 4298 594 4352 ad
617 4302 744 4357 Harlesii
767 4301 850 4356 brev.
874 4305 961 4357 notit.
985 4303 1076 4357 litter.
1098 4304 1186 4357 Rom.

138 4376 205 4433 ree·
220 4377 262 4432 29·
282 4374 347 4436 ui·

103 4496 246 4577 91)·Eiui
271 4497 424 4552 Lectiones
449 4501 641 4557 Cornelianac
667 4505 697 4557 in
722 4505 884 4559 Miltiadem
905 4509 1041 4579 leguntur
1060 4480 1095 4559 in*
1104 4505 1185 4561 illiue

26 4632 29 4637 ·
139 4564 343 4636 Illiseelianeis.
358 4567 499 4638 Upsaliae.
521 4570 595 4641 1697.
608 4572 636 4627 8.
661 4592 692 4645 p.
715 4593 725 4626 i
743 4603 777 4614 —
795 4574 838 4630 58.
853 4575 980 4632 fischer.
1016 4575 1089 4629 ltem
1105 4574 1136 4626 in
1148 4573 1188 4626 li-·

53 4697 55 4701 ‚
137 4631 210 4733 bro:
238 4634 283 4690 lo.
303 4631 469 4711 Sebefferi,
487 4637 749 4711 Argentoratensu,
769 4643 939 4698 Lectionum
955 4642 1186 4731 academicarpin
