2624 5176
341 39 1240 409 -

337 469 339 473 Α
411 460 419 469 .
626 481 630 488 Ι
962 440 968 467 l

272 533 275 541 ·

1144 568 1147 577 ι

968 588 971 599 Ι

38 872 41 875 ,
130 827 186 870 m
213 750 465 871 ndntcarto
486 803 703 870 totnonis
722 804 909 873 ‘sravnn
930 804 1115 905 rnronts.

131 929 1204 963 mmm-...Q

128 1041 166 1083 re
182 1039 332 1100 conatus,
356 1045 449 1087 omne
467 1038 593 1109 tempus
604 1023 710 1085 literia'
730 1019 878 1094 dederiu',
914 1035 947 1082 ot
966 1019 1090 1106 postea,
1115 1002 1214 1103 quarn

128 1129 168 1189 ad
184 1120 319 1194 summor
335 1132 494 1208 honores,
527 1117 783 1217 dignitatesque,
813 1129 963 1189 natalium
987 1125 1153 1212 splendori
1177 1138 1214 1185 et

126 1237 252 1300 meritis
275 1241 354 1302 Tuis
377 1239 518 1314 debitus,
542 1253 673 1322 evectus
690 1257 745 1310 et,
765 1237 803 1300 dn
818 1236 986 1320 utriusque
1002 1232 1116 1320 populi
1131 1231 1210 1303 lara,

125 1342 216 1427 leges
238 1360 332 1432 atque
354 1345 509 1421 instituta,
538 1361 574 1408 ut
586 1344 768 1407 uberrimus
788 1344 865 1406 inde
884 1344 919 1406 in
933 1346 1049 1427 liemp.
1066 1335 1210 1405 nostram

124 1449 321 1515 redundaret
342 1454 483 1525 fructus,
515 1452 690 1537 diligenter
713 1450 880 1536 inquirere
897 1468 1059 1534 nunquam
1076 1442 1210 1523 destite-

96 1590 101 1598 =
124 1555 183 1617 ris.
227 1560 309 1620 Tum
329 1560 401 1644 quia
418 1557 596 1622 innumeris
613 1581 630 1618 a
646 1559 693 1620 Te
709 1571 819 1620 auctus
836 1571 869 1620 et
880 1571 1010 1619 ornatus
1021 1532 1206 1624 beneficiio,

125 1662 241 1744 quibua
259 1685 361 1728 novus
379 1686 484 1750 nuper
500 1662 626 1728 acceffit
641 1664 804 1738 cumulus,
827 1685 924 1746 quum
940 1664 1011 1724 Tuo
1028 1657 1207 1742 inprimis,

123 1779 201 1830 tune
215 1773 370 1855 temporie
393 1771 564 1835 Consulum
578 1767 755 1842 Praelidia,
791 1766 1111 1854 ampliffimorumque
1129 1761 1207 1826 Col·

122 1873 268 1958 legarum
284 1879 427 1942 Tuorum
444 1879 607 1951 concellu,
631 1891 767 1963 quatuor
783 1878 930 1941 codicum
949 1898 1043 1940 manu
1058 1885 1206 1962 exarato-

75 1977 88 1995 ⁴
108 2000 211 2056 sum,
241 1982 298 2045 hae
313 1987 546 2069 Imperatorum
567 1988 649 2048 vitae
675 1985 926 2061 continentium,
957 1983 1012 2071 qui
1030 1982 1064 2042 in
1079 1976 1206 2040 Acade·

108 2087 201 2153 ,miae
213 2088 371 2172 Iiugduno
388 2096 525 2154 Batavae
541 2091 743 2154 Bibliotheca
764 2091 987 2166 adservantur,
1010 2087 1104 2172 copia
1119 2084 1202 2147 mihi

118 2189 276 2269 fremuit,
306 2199 444 2281 primaru
465 2199 547 2263 hane
562 2198 693 2284 publice
712 2187 863 2273 testandi,
903 2198 982 2289 quid
1000 2209 1033 2258 et
1050 2207 1203 2279 quantum

118 2297 195 2364 Tibi
210 2303 264 2363 uni
275 2285 419 2380 debeam,
429 2305 702 2391 opportunitatem
717 2306 903 2390 rapiendam
917 2299 1103 2367 existimari.
1136 2301 1201 2362 Hiu

115 2403 178 2489 jam
199 2407 361 2474 latiffimus
385 2413 418 2474 in
439 2413 588 2496 egregias
603 2415 689 2477 Tuas
707 2412 903 2496 exspatiandi
921 2399 1057 2472 virtu'tes
1074 2419 1203 2492 pateret

117 2513 361 2600 uibicunque,
384 2520 418 2580 in
443 2541 575 2602 quarum
596 2520 814 2604 magnitudine
836 2516 1016 2579 illustranda
1030 2513 1098 2599 ipse
1119 2515 1201 2576 Cor·
1234 2536 1237 2541 ·

117 2620 242 2693 trelius,
267 2625 295 2685 si
319 2614 405 2689 aetas
425 2627 494 2707 ejus
509 2627 544 2689 in
560 2627 639 2689 haec
656 2640 802 2709 tempora
819 2621 998 2698 incidille't,
1033 2621 1201 2706 ingenium

117 2747 155 2790 ao
177 2727 281 2793 stilum
303 2730 393 2794 suum
413 2753 569 2797 exercere
589 2735 734 2820 gryllus,
759 2746 792 2795 et
811 2730 906 2795 simul
924 2733 972 2791 Te
992 2749 1104 2790 omnen
1123 2727 1202 2789 illoe

113 2837 299 2922 praeclaros
320 2838 476 2901 Graeciae
493 2860 529 2904 ae
545 2845 706 2904 Romanae
726 2838 873 2903 Civitatis
887 2839 977 2901 viror
993 2832 1198 2904 fortitudine,

113 2941 304 3019 constantia,
327 2947 516 3030 prudentia,
540 2969 576 3010 no
591 2952 675 3011 vitae
691 2949 877 3032 integritate
895 2945 923 3008 ai
941 2963 1006 3004 non
1025 2940 1197 3024 superaffe‚
1217 3001 1220 3004 ⁴

111 3047 221 3114 saltem
237 3055 454 3138 aequiparalse
477 3055 637 3139 proselitis
660 3054 778 3116 luillet.
823 3051 889 3116 Sed
913 3050 1063 3135 quoniam
1088 3067 1199 3109 earum

81 3220 85 3227 ,
113 3154 214 3230 fam,
238 3162 417 3226 universam
434 3185 494 3247 per
508 3167 669 3247 Europam
681 3161 860 3233 celebrata,
874 3157 961 3220 nulla
973 3154 1130 3237 temporis
1139 3174 1196 3215 ve-

112 3263 225 3328 tustate
240 3268 482 3344 obliterabitur,
506 3292 567 3332 neo
581 3291 654 3353 meo
669 3268 844 3353 praeconio
858 3264 1016 3347 indigent,
1038 3261 1130 3323 hisce
1146 3260 1197 3322 in·

113 3371 198 3431 culta
214 3374 359 3437 oratione
376 3376 570 3437 exornandis
586 3375 728 3460 prudens
745 3358 957 3460 supersedere
973 3369 1076 3442 malo,
1100 3389 1197 3452 quom

112 3475 147 3540 in
164 3477 346 3540 modestiam
361 3484 461 3542 Tuam
478 3495 511 3542 et
526 3481 671 3565 publiea,
694 3481 811 3565 quibua
828 3493 924 3542 noete
943 3476 1060 3559 dieque
1074 3473 1196 3558 invigi-

110 3582 180 3656 tas,
202 3587 369 3650 commoda
392 3608 540 3672 peceare.
583 3590 718 3650 Unicum
741 3589 866 3673 itaque,
896 3585 959 3653 Vir
976 3579 1195 3656 illustriffimet

111 3703 222 3753 votum
236 3714 342 3755 meum
356 3694 418 3758 hoe
435 3693 494 3768 eli,
517 3709 552 3762 ut
562 3697 789 3760 munusculum
805 3694 902 3770 illud,
924 3691 988 3756 etai
1006 3692 1097 3764 leve,
1121 3710 1196 3753 oer-

109 3792 260 3860 tissimum
274 3814 381 3865 tamen
396 3802 479 3886 grati
497 3803 714 3888 memoriaque
729 3794 826 3867 animi
842 3799 1074 3871 tetimonium,
1096 3794 1196 3859 hilari

109 3901 200 3965 vultu
215 3924 252 3967 ae
270 3903 413 3991 benigno
429 3909 604 3983 intuearis,
639 3914 775 3996 Tuoque
790 3901 929 3982 favore,
944 3927 1040 3993 quem
1060 3904 1123 3968 huc
1137 3925 1194 3966 us·

109 4028 173 4094 que
187 4027 345 4097 ,expertus
365 4014 449 4089 sum,
472 4038 524 4082 me
542 4015 696 4102 prosequi
709 4038 838 4102 pergas.
882 4016 979 4112 Quod
996 4015 1024 4077 ti
1038 4014 1192 4096 impetra·

107 4133 205 4190 vero,
229 4120 336 4193 omnia
357 4144 409 4187 me
432 4123 582 4208 adeptum
598 4126 729 4208 putabo.
769 4124 868 4199 Vale,
898 4123 960 4190 vir
974 4116 1189 4192 illustriffime,
1225 4110 1233 4124 “

108 4233 144 4304 et
156 4222 261 4291 Deum
271 4230 316 4289 T.
336 4228 379 4294 Ο.
394 4227 458 4302 M„
480 4243 515 4294 ut
530 4230 593 4292 Rei
609 4230 762 4296 Publicae
779 4245 812 4295 et
825 4230 1005 4311 Literariae
1019 4225 1190 4290 commodo

106 4331 156 4402 'se
179 4331 234 4395 diu
254 4335 433 4402 salvum-et
455 4332 654 4420 superstitem
674 4336 739 4401 elie
762 4335 862 4416 velit,
893 4333 1085 4426 tuppliciter
1100 4349 1187 4399 nuuc

106 4456 264 4510 veneror,
287 4462 325 4536 qe
342 4442 470 4530 semper
480 4441 671 4509 venerabor.

122 4589 234 4645 Dabam
243 4591 401 4666 Lugdlltt.

104 4656 430 4790 ¹¹iff‘irdd‘d'iinbl‘·
