2624 5176
693 632 696 643 .
745 605 756 639 b

174 740 224 825 ι’
467 741 950 826 ranararro

177 971 389 1044 obedientes
409 971 604 1063 habuerit}
636 990 679 1045 ut
701 971 866 1072 plurimis
887 971 978 1043 loeis
993 949 1166 1044 Auctoris
1186 999 1265 1045 ma·

177 1124 267 1169 num
289 1097 435 1198 prorsus
454 1077 701 1169 oblitteratam
723 1097 863 1186 videas,
889 1077 933 1168 ¹et
954 1095 1167 1168 Cornelium
1183 1123 1264 1168 sae·

176 1223 316 1323 pisfime
335 1225 373 1294 in
396 1223 568 1296 Cornelio
589 1222 767 1321 requiras.
819 1220 937 1318 Quam
964 1217 1132 1291 fraudem
1150 1248 1265 1320 qumn

177 1348 336 1447 primum
357 1347 534 1445 sagaciter
558 1346 733 1418 odoratus
757 1345 842 1417 ell‘et
865 1343 1152 1416 accuratiffimae
1170 1346 1263 1419 doe·

178 1471 296 1542 trinae
315 1470 388 1560 vir,
414 1473 472 1544 Jo.
485 1470 595 1543 Mioh.
615 1469 865 1567 Housmgerus,
899 1494 1021 1568 neque
1042 1486 1166 1541 tamen
1189 1472 1263 1542 sin·

179 1594 265 1692 gula
282 1597 358 1693 ejus
380 1594 525 1694 vestigia
546 1594 594 1667 oh
617 1597 853 1695 antiquorum
876 1595 1124 1694 exemplorum
1145 1622 1284 1696 penu-‚

176 1720 270 1790 riam
290 1721 460 1820 persequi
482 1720 673 1819 potulll'et,
710 1747 788 1792 non
817 1720 932 1791 multo
960 1718 1042 1819 post
1068 1720 1264 1794 laudabilis

177 1846 336 1917 Fischeri
349 1844 386 1915 in
407 1843 626 1917 adnotandis
640 1843 835 1934 librorum,
863 1863 947 1923 ante
964 1845 1184 1918 Lambinum
1197 1849 1264 1918 im·

178 1969 404 2068 prellorum,
438 1968 656 2040 lectionibus
675 1969 864 2066 diligentia
889 1968 1076 2067 egregium
1098 1968 1146 2039 ad
1168 1970 1263 2069 diju-

168 2093 376 2166 dicandam
402 2094 500 2165 hano
532 2119 612 2167 rom
640 2094 890 2193 adjumentum
928 2093 1060 2171 attulit.
1123 2090 1264 2192 Quibus

69 2192 73 2203 ι
177 2213 338 2290 Fischeri
364 2213 481 2319 copiis
501 2244 614 2319 φιιηι]
633 2218 671 2288 in
693 2216 815 2289 nostra
831 2217 993 2291 editione
1011 2236 1185 2289 accurata
1198 2218 1264 2293 Ul-

174 2343 364 2439 vtrajectini
390 2342 548 2443 exempli
570 2341 720 2414 collatio
743 2343 947 2432 aecellerit,
990 2343 1029 2416 id
1050 2345 1125 2442 jam
1148 2366 1267 2442 opera

173 2466 302 2538 ¹nostra
334 2466 506 2543 effectum
530 2466 600 2537 ell'e
627 2466 812 2556 arbitror,
848 2482 913 2556 ut,
947 2465 976 2538 si
1006 2466 1266 2566 apauoillimis

176 2589 270 2661 locis
296 2592 483 2681 discedas,
528 2591 618 2692 quid
639 2591 678 2665 in
702 2593 863 2665 Cornelii
888 2593 981 2668 Vitis
1006 2587 1184 2663 librorum
1201 2616 1266 2661 au-
1300 2624 1303 2628 ·

178 2715 372 2806 ctoritate,
402 2716 491 2816 quid
508 2716 644 2816 ingenii
668 2742 739 2817 ope
766 2717 998 2788 emendatum
1018 2714 1148 2804 luerit,
1183 2715 1266 2787 ubi·

179 2864 250 2936 que
279 2839 402 2912 dicere
429 2842 558 2942 poffis,
594 2868 664 2913 neo
683 2857 832 2942 praeter
847 2819 1037 2912 luntinam
1053 2840 1264 2930 editionem,

91 3007 94 3016 ·
179 2958 290 3061 quam
314 2981 438 3035 tamen
461 2965 507 3038 ab
533 2967 669 3039 Aldina
697 2991 828 3066 parum
847 2964 903 3035 vel
927 2965 1019 3036 nihil
1041 2963 1187 3037 differre
1208 2992 1266 3036 su·

177 3114 247 3186 pra
272 3089 453 3179 diximus,
490 3091 606 3163 ullum
633 3116 675 3162 ex
710 3091 772 3181 iis,
812 3114 907 3189 quae
926 3087 1121 3160 Lambinus
1143 3088 1267 3160 videre

178 3213 321 3310 potuit,
357 3214 528 3314 exemplis
544 3215 724 3316 supersit,
761 3216 864 3311 eujus
883 3213 1063 3285 lectiones
1084 3236 1162 3282 non
1182 3238 1266 3284 exa·
1302 3307 1304 3312 ,

178 3336 398 3437 minataeet
420 3365 505 3412 eum
534 3340 682 3438 nilgato
704 3337 878 3412 Auctoris
905 3353 1005 3408 textu
1030 3334 1304 3447 comparatis³

180 3460 265 3535 sint.
1253 3522 1304 3570 NJ

279 3611 490 3687 Constitutis
500 3664 511 3703 ,
541 3631 721 3713 quantum
740 3639 811 3715 pro
829 3613 959 3686 virium
969 3610 1171 3686 nostrarum
1188 3640 1269 3686 mo·
1298 3652 1304 3679 ι

179 3734 228 3807 do
254 3736 461 3834 potuimus,
491 3739 654 3812 Cornelii
671 3738 811 3830 verbis,
851 3741 898 3812 ad
920 3744 1164 3838 Interpretum
1189 3741 1269 3810 ani·
1296 3756 1304 3813 ¹.

177 3860 466 3952 madverliones,
493 3890 589 3963 quae
607 3866 823 3938 Staveriana
841 3865 1003 3937 editione
1019 3862 1270 3954 eontinentur,
1298 3840 1304 3953 Ιζ

179 3968 372 4057 emendate
388 3988 645 4087 exprimendas
667 4008 704 4062 et
729 3988 1011 4089 locupletandae
1028 3987 1184 4059 studium
1200 4015 1270 4060 no·

178 4107 289 4182 strum
314 4111 562 4202 contulimus,
587 4113 626 4184 in
653 4141 727 4214 qua
752 4140 794 4185 re
817 4113 972 4185 multum
994 4111 1132 4184 laboris
1157 4098 1270 4186 nobis
1299 4138 1304 4147 ·

179 4232 472 4308 exhauriendum
494 4234 574 4308 suit.
614 4243 708 4310 Nam
731 4264 843 4339 quum
864 4237 1120 4311 adnotationes
1135 4237 1272 4312 illasio

181 4359 397 4432 Stareriana
418 4361 578 4434 editione
601 4361 803 4436 admodum
821 4362 952 4437 vitiose
972 4363 1128 4449 excusas,
1155 4361 1271 4436 immo
1297 4374 1304 4383 '

180 4482 345 4582 integros
374 4484 558 4559 interdum
583 4486 781 4560 versiculos
805 4488 950 4560 omillos
980 4487 1048 4558 ell'e
1070 4485 1277 4575 intellexis·.

182 4617 321 4702 semus,
348 4610 396 4683 ad
414 4611 492 4733 ipsa
510 4611 702 4704 Lambini,
730 4613 945 4701 Gebhardi,
970 4612 1139 4687 Boooleri
1149 4663 1160 4702 ,
1194 4615 1271 4735 Bo-

629 4744 652 4779 a
