2624 5176
963 364 972 383 Ι

799 486 812 500 ι

77 774 198 819 ,aa
418 710 869 813 rnsrruonvr'a,
974 806 981 820 ,

112 870 1163 905 -ῇ--ο-όα-ῂ--Α--ι--ι--ὓ-

113 960 294 1031 dubitante,
317 971 349 1018 et
365 956 490 1045 ipoerto
504 954 544 1017 de
559 954 652 1036 hujus
669 953 745 1017 libri
760 968 907 1029 auctore,
927 970 1001 1014 enm
1015 973 1089 1015 eum
1100 951 1169 1015 hine

115 1065 235 1128 Corrulii
261 1062 393 1145 Nepotis,
434 1062 509 1128 hinc
530 1064 638 1125 Aemilii
664 1062 749 1126 Probi
770 1062 899 1124 nomina
929 1071 962 1123 et
986 1058 1170 1144 cognomina

111 1170 365 1259 perturbarent?

381 1316 900 1396 GASP.SCHOPPIUS

431 1443 478 1505 lib.
498 1464 534 1504 m.
557 1443 692 1526 vrrifi'mil.
717 1463 773 1527 cop.
788 1465 835 1507 ιο.

191 1579 287 1643 Corn.
307 1580 433 1661 Nepos,
455 1576 518 1669 ¹1¹.st
541 1576 622 1661 male
645 1578 740 1662 vulgo
764 1574 921 1639 Aemilius
944 1572 1075 1661 Prpbus
1096 1568 1171 1635 tici·

110 1700 173 1747 ult.

178 1892 181 1897 .
563 1836 576 1894 1
597 1835 626 1893 D
646 1835 675 1893 E
695 1836 729 1893 M
1208 1854 1218 1889 ε

44 2010 56 2039 ,Ι
154 1938 353 2020 consultatione
368 1943 405 2002 11.
435 1941 469 2001 de
480 1941 641 2022 prudentiae
658 1957 686 2000 et
703 1938 864 2020 eloquentiae
887 1936 1022 2018 parandae
1038 1933 1137 1995 moedis.
1196 1940 1218 1995 “;

187 2068 377 2133 Noviffimos
397 2091 511 2132 aureae
539 2071 649 2133 aetatis
666 2069 750 2132 facio
769 2071 976 2143 Ciceronem,
999 2065 1174 2138 Caesarem,
1210 2070 1213 2101 ²

111 2181 208 2240 Corn.
226 2183 402 2261 Nepotem,
426 2190 487 2237 etc.
529 2182 563 2239 ln
580 2176 713 2260 Nepotis
734 2192 839 2240 tamen
861 2176 941 2237 ritas
956 2172 1089 2234 dubium
1111 2190 1176 2232 nou
1213 2176 1218 2209 '²

109 2282 153 2346 est
167 2284 317 2344 nonnulla
335 2282 565 2368 posterioribus
588 2284 719 2346 saeculis
738 2279 894 2367 irrepfiffe
920 2279 1046 2363 arb-aevi
1067 2278 1178 2362 Augu·

109 2390 165 2452 ssei
182 2411 259 2451 auro
279 2389 472 2463 remotiora,
495 2389 643 2463 Aemilii,
667 2389 785 2463 credo,
814 2388 915 2450 Probi
941 2406 1057 2472 opera,
1086 2384 1178 2465 eujus
1212 2434 1217 2449 ,

108 2517 224 2560 nomen
241 2495 348 2557 multis
365 2494 498 2557 saeculis
516 2496 643 2558 libellus
659 2497 794 2580 Nepotis
812 2494 1041 2580 praescriptum
1052 2489 1177 2553 habuit.

287 2585 294 2611 Ι

474 2648 495 2718 J
506 2649 549 2720 Ο.
593 2640 823 2723 SAVARO

220 2728 225 2735 -
251 2775 280 2829 iu
297 2767 388 2850 praef.
413 2770 523 2828 odoror.
539 2767 606 2849 suas
621 2773 650 2829 io
667 2769 766 2831 Armil.
785 2767 903 2830 Probum
924 2770 958 2829 de
976 2770 1034 2830 vira
1134 2786 1146 2797 ··

539 2874 629 2935 excell.
653 2879 737 2956 impp.

188 3005 283 3065 Hune
299 3003 417 3067 librum
431 3007 514 3067 Corn.
528 3006 628 3088 Nepoti
643 3006 748 3067 afferit
765 3005 829 3086 ipsa
848 3003 1023 3088 praefatio:
1047 3003 1181 3065 Nondu-

106 3111 162 3171 br'ro
173 3113 239 3195 fore
252 3115 408 3196 plerosque,
427 3116 536 3188 Attice,
561 3126 623 3174 oet.
666 3126 754 3175 etex
771 3114 834 3175 vita
849 3113 995 3184 Catonia,
1018 3111 1090 3171 illa:
1112 3112 1181 3171 Hu-

98 3217 151 3296 jus
177 3218 211 3277 de
234 3223 292 3279 viro
315 3217 472 3278 coriambus
489 3216 570 3300 pluro
588 3225 617 3278 io
633 3239 661 3278 eo
681 3218 751 3279 libro
766 3203 896 3301 persecuti
909 3219 1016 3299 ¹ferrono,
1040 3239 1117 3299 quern
1128 3218 1180 3299 [ε’-

103 3330 224 3405 paratim
247 3326 280 3383 de
304 3346 332 3383 eo
358 3325 491 3405 fecimus,
527 3344 622 3407 rogatu
651 3325 684 3384 T.
711 3328 836 3404 Pompou.
854 3328 958 3397 Attici,
981 3336 1041 3384 cet.
1085 3322 1181 3402 cujus

106 3429 236 3512 quidem
253 3429 328 3502 libri
346 3429 579 3512 fragmentum,
604 3452 642 3492 ex
660 3431 811 3494 Cornelio
829 3435 966 3515 Nepote,
989 3428 1181 3491 laudarevi·

105 3532 201 3596 detur
221 3536 345 3597 Gellius
363 3536 419 3596 lib.
430 3559 475 3598 x1.
494 3557 562 3620 cap.
578 3539 608 3597 8.
638 3541 809 3599 Praeterea
825 3538 908 3597 libror
926 3538 959 3597 de
975 3541 1046 3596 airis
1062 3534 1181 3612 illustri-

109 3637 181 3712 bus,
204 3654 349 3702 veterum
368 3642 493 3725 scriptis
511 3643 676 3717 celebres,
706 3645 759 3726 qui
780 3645 896 3728 Nepoti
912 3645 1116 3716 tribuuntur,
1136 3641 1181 3703 ab

106 3742 201 3824 hujus
216 3746 292 3806 libri
310 3761 439 3808 auctore
457 3746 622 3810 confectos
639 3750 719 3826 effe,
742 3749 816 3813 satis
834 3765 965 3834 apparet
980 3772 1018 3812 ex
1030 3748 1094 3810 fine
1108 3750 1180 3810 An·
1201 3779 1211 3800 ι

106 3850 221 3911 nibalis
246 3853 347 3913 vitae:
377 3853 430 3913 Sed
454 3875 500 3913 nos
522 3873 623 3936 tempus
642 3856 695 3937 eli,
728 3857 810 3939 hujus
827 3859 894 3918 libri
905 3859 999 3942 facere
1014 3852 1126 3934 finem,
1150 3878 1181 3918 er

107 3957 288 4017 Romanorum
313 3958 446 4039 explicare
462 3964 654 4042 imperotores,
676 3984 726 4043 quo
735 3964 864 4047 facilius,
881 3966 982 4026 collatis
1001 3987 1181 4047 utrorumque

98 4061 204 4143 factis,
227 4071 273 4145 qui
295 4070 350 4126 oiri
366 4068 536 4150 praeferendi
545 4069 613 4150 sain,
632 4069 712 4152 poffir
718 4073 853 4149 pollicari.
877 4078 976 4136 Tanta
994 4076 1088 4137 etiam
1106 4073 1178 4136 sua'·
1216 4110 1218 4115 ·

105 4169 189 4231 vitas
207 4170 250 4232 est
267 4171 421 4236 sermonis
437 4177 552 4249 Latini,
575 4192 609 4240 ut
625 4195 790 4262 appareat,
814 4182 900 4244 ineo
916 4185 1054 4246 nativum
1065 4204 1178 4265 quem·

107 4275 178 4336 dam
194 4277 340 4361 leporem
358 4284 439 4356 ess'e,
461 4304 525 4344 non
542 4282 680 4358 ascitum,
704 4288 811 4369 etjam
828 4311 906 4353 aevo
924 4290 1102 4352 Theodosii
1117 4289 1177 4350 rie·

108 4382 221 4456 eitum,
263 4404 327 4470 quo
345 4408 409 4449 non
429 4410 539 4472 parum
563 4393 712 4455 inclinata
731 4411 798 4457 erat
819 4399 954 4458 Latiaris
980 4396 1175 4481 eloquentia.

106 4488 248 4548 Aemiliam
263 4505 365 4552 autem
381 4494 521 4568 Probum,
539 4498 626 4578 cujus
641 4501 768 4562 nomine
783 4503 1005 4565 circumfertur
1017 4505 1070 4564 hie
1079 4503 1176 4573 liber,

107 4594 284 4662 Theodosio
294 4613 446 4682 regnante
458 4601 586 4674 rixiss'e,
602 4616 634 4664 et
649 4603 781 4684 hujusce
791 4608 865 4669 libri
879 4610 1175 4694 exscriptorempo·
1204 4628 1209 4637 ·
