2624 5176
942 516 954 541 b

178 763 231 810 aa
495 690 970 833 retentura

341 491 349 522 l

178 958 291 1031 hussa
307 956 471 1031 Moschio
491 955 777 1056 publicatarum,
805 954 952 1057 copiam
962 954 1071 1029 nohis
1084 954 1177 1029 lecit
1196 952 1271 1028 do·-

180 1084 351 1156 ctiss’unus
384 1056 686 1181 auricill'uuusque
714 1081 790 1169 vir,
836 1086 937 1156 Iutm.
966 1081 1262 1171 G.·Huschltius,

181 1210 244 1308 qui
273 1208 458 1305 egregium
480 1208 554 1279 hoc
584 1205 766 1309 beneficio
795 1205 948 1278 editioni
976 1205 1118 1279 nostrae
1152 1231 1265 1278 orna·
1283 1252 1300 1277 s

179 1351 343 1409 mentum
359 1332 579 1404 conciliarit.
631 1334 726 1402 Nam
744 1347 781 1402 et
796 1329 1084 1429 praestantissimi
1104 1330 1264 1403 Auenie-

90 1437 92 1441 ’
179 1457 219 1528 ni
236 1456 384 1530 Codicis
404 1456 579 1533 lectiones
602 1472 777 1527 accurate
790 1455 1035 1555 perscriptas,
1061 1473 1099 1526 et
1112 1455 1159 1526 de
1171 1455 1265 1527 mul·

180 1581 225 1654 tis
246 1565 413 1656 Cornelii
430 1578 525 1653 locis
546 1579 700 1660 Moschii
717 1579 956 1669 sententiam,
993 1579 1103 1653 docte
1128 1580 1291 1709 intelli·x

181 1723 382 1804 genterque
400 1704 614 1804 expositam,
640 1702 842 1776 continent.
893 1706 936 1773 In
949 1700 1080 1775 nostris
1098 1703 1265 1777 anhnad·
1289 1776 1292 1780 ,

78 1915 80 1919 ,
181 1830 425 1918 versionibus,
450 1846 557 1929 '‘quas
569 1881 581 1917 ,
624 1846 666 1900 ut
699 1827 860 1899 discerni
889 1852 912 1897 a
945 1826 1075 1899 ceteris
1106 1829 1262 1928 pollent,

41 1980 60 2052 j
181 1955 440 2055 additistuncis
457 1954 682 2041 iuclufimus,
728 1951 766 2022 id
788 1949 942 2051 maxime
961 1952 1118 2050 egimus,
1156 1970 1199 2025 ut
1219 1953 1264 2025 li·

179 2079 353 2166 brorum,
378 2103 401 2150 a
421 2076 527 2149 nobis
554 2077 802 2150 consultorum
813 2127 825 2163 ‚
871 2074 1085 2149 varietatem
1106 2068 1263 2154 adnutu-³

180 2192 324 2292 remus,
355 2203 487 2274 multas
510 2203 687 2277 Codicum
705 2201 902 2289 lectiones,
927 2225 1042 2300 quas,
1061 2200 1262 2291 ananiele,
1299 2200 1302 2207 ’

184 2328 371 2400 Sararonc
403 2327 557 2427 aliisque
588 2326 813 2425 publicatus,
855 2325 977 2399 Bofius
1014 2341 1051 2395 et
1079 2326 1265 2398 Starerius

183 2452 241 2529 vol
262 2451 517 2548 neglexerant,
545 2450 699 2550 rel-non
718 2466 819 2523 recte
833 2449 1070 2523 laudaverant
1080 2500 1092 2537 ,
1117 2449 1265 2548 profer-

184 2602 327 2663 remus,
352 2593 591 2675 receptasque
615 2601 638 2647 a
655 2575 761 2647 nobis
782 2575 820 2644 in
839 2591 976 2646 textum
988 2572 1165 2646 lectiones
1179 2601 1266 2674 par·

184 2700 249 2772 tim
269 2699 489 2799 scriptorum
518 2698 774 2799 editorumque
797 2698 975 2772 librorum
997 2699 1091 2807 lide,
1128 2702 1267 2800 partim

184 2823 407 2923 optimorum
442 2825 644 2921 ductorum
655 2876 668 2912 ,
717 2823 757 2894 in
790 2824 916 2923 primis
950 2823 1111 2902 Cornelii
1141 2825 1264 2926 ipsius,

121 3028 125 3041 1
182 2947 360 3048 loquendi
390 2974 466 3018 usu·
487 2949 791 3020 confirmaremus.
843 2954 886 3021 ln
908 2949 1183 3047 conscribendis
1200 2979 1265 3029 au·

184 3092 257 3146 torn
279 3074 334 3148 his
355 3071 651 3145 adnotationibus
670 3071 884 3146 brevitatem
903 3100 1045 3148 summo
1068 3074 1188 3148 studio
1210 3102 1268 3148 se·

113 3282 123 3300 ¹
185 3199 259 3270 cuti
283 3225 422 3286 sumus,
448 3215 712 3288 neumarum,
741 3200 825 3271 satis
846 3224 1027 3299 superque
1048 3200 1264 3300 amplarum,
1294 3186 1298 3198 ’

185 3324 296 3421 copia
321 3323 360 3394 in
383 3323 555 3411 nimiam,
591 3340 627 3394 et
651 3323 835 3398 molestam
857 3323 1091 3415 Lectoribus,
1123 3327 1265 3425 magni-

184 3447 351 3519 tudinem
379 3466 569 3522 cresceret.

281 3721 503 3797 'Pestimonia
524 3729 730 3798 Doctorum
748 3728 942 3818 Virorum,
968 3754 1123 3828 quorum
1140 3698 1275 3828 plora?

165 3872 256 3945 ‘que
280 3873 303 3918 a
332 3850 498 3921 Staverio
528 3852 654 3923 omilla
675 3852 842 3942 fuerant,
882 3852 1041 3942 restitui,
1086 3830 1198 3953 atque
1225 3853 1266 3924 in
1297 3890 1302 3905 ·

180 3970 247 4059 iis,
274 3997 369 4071 quae
390 3975 583 4050 Vollianue
604 3978 651 4050 de
674 3978 845 4052 Cornelio
867 3983 1012 4079 Nepote
1026 3978 1266 4078 disputationi

180 4096 341 4196 subjeci,
381 4099 470 4199 quid
489 4101 577 4173 mihi
603 4102 648 4174 de
668 4103 741 4174 hoc
762 4104 972 4202 Scriptore,
1011 4102 1100 4207 quid
1121 4103 1167 4174 de
1188 4104 1265 4175 Ae·v

182 4222 285 4295 milio
301 4208 431 4296 ⁴Probo
457 4225 659 4317 rideretur,
692 4228 852 4300 modeste
873 4227 1032 4329 exposui.
1083 4226 1265 4326 Reliquiis

180 4345 358 4421 librorum
374 4350 553 4439 Cornelii,
582 4379 605 4423 a
625 4355 779 4427 Schotto
796 4337 832 4428 et
843 4355 954 4428 Bosio
968 4352 1148 4439 collectis,
1172 4357 1278 4424 Fra·'

181 4491 328 4570 gmeuta
351 4474 676 4576 Guelpherbytantt
710 4505 793 4550 cum
821 4483 898 4553 lac.
924 4479 1021 4551 Frid.
1048 4475 1262 4577 chlingeri

180 4597 457 4674 Defenlionibus
480 4601 619 4701 adjeci,
669 4619 746 4676 tum
771 4606 872 4706 quod
899 4604 1057 4676 rariores
1086 4602 1199 4676 hodie
1220 4602 1281 4674 hill
