2624 5176
1166 402 1180 427 ,τ

454 448 458 461 1
1259 470 1265 479 Ι

946 453 955 482 N

180 776 258 826 mr
387 752 450 834 JOe
467 752 613 816 -ANDR,
638 749 753 816 BOSII
782 745 1062 824 PRAEFATIO„

181 992 233 1061 qtae
245 972 357 1056 fruslra
367 972 427 1054 sui.
468 973 546 1032 Nam
567 972 619 1034 Vir
641 971 855 1042 Celeberrimut,
886 990 913 1030 et
931 970 965 1055 de
982 970 1088 1050 Nepote
1103 947 1272 1048 noslrojaea

181 1102 244 1146 ente
260 1080 398 1165 praeclare
417 1084 550 1152 meritus,
591 1073 749 1161 Augustus
773 1076 983 1151 Buchneruo,
1017 1096 1049 1137 ttt
1073 1075 1110 1154 tsl
1134 1072 1271 1158 ssttgttleri

182 1210 211 1271 et
228 1185 355 1270 ittufitota
371 1186 553 1256 humanitate,
585 1201 637 1265 per
656 1179 824 1261 antoensfflmi
844 1187 944 1264 ingenii
954 1224 963 1257 ,
996 1204 1043 1244 nec
1066 1181 1189 1266 vulgaris
1214 1182 1267 1242 do·

182 1301 286 1364 terittae
302 1291 507 1374 adolescentem,
522 1289 738 1353 Laurentium
757 1289 937 1374 Georgium
957 1292 975 1351 i
992 1291 1150 1364 Crokow,
1174 1290 1267 1370 Equi·

185 1423 238 1466 tem
258 1401 452 1469 Pomeranum,
478 1417 530 1457 non
548 1394 639 1479 solum
664 1389 795 1478 duplicem
817 1397 1044 1458 commentarium
1060 1396 1124 1457 olim
1142 1416 1160 1454 α
1171 1394 1204 1479 se
1219 1399 1266 1456 t'n·

185 1508 324 1579 choatiam,
340 1505 392 1588 sed
411 1509 492 1587 etiam
511 1504 635 1567 Codicem
647 1501 747 1584 saum,
769 1523 820 1584 quo
833 1520 885 1583 per
902 1522 985 1562 annot
1001 1499 1066 1561 bene
1085 1500 1186 1562 multos
1200 1499 1267 1582 usur

155 1613 160 1629 ⁸
184 1633 263 1688 erat,
288 1606 420 1696 submiſse.
462 1611 502 1674 Ac
522 1613 770 1669 commentariorum
789 1608 897 1687 quidem
916 1593 1007 1683 altit,
1037 1613 1112 1692 isque
1120 1607 1263 1688 vetustior,

184 1719 349 1784 Miltiaden
361 1736 389 1776 et
403 1714 616 1794 Thetmsloclem,
636 1735 694 1775 cum
710 1733 804 1797 magna
819 1733 900 1797 parte
917 1715 1048 1794 Aristidis
1053 1739 1064 1788 ,·
1084 1715 1158 1776 citer
1173 1713 1267 1796 paullo

89 1882 92 1887 .
186 1832 336 1900 recentior,
377 1843 460 1884 nrtum
479 1823 640 1885 Miltiadem
657 1843 715 1884 cttm
733 1824 812 1883 initia
832 1821 1011 1901 Tlsemisloclir
1028 1820 1267 1903 complectebatur.

188 1935 281 1998 Codici
299 1952 363 1992 vero
381 1929 432 2012 sno
443 1948 557 2012 praeter
572 1929 627 1989 alia
645 1929 749 2003 multa,
778 1932 888 2010 quaein
904 1949 953 1988 ora
970 1925 1169 2010 adscripscrat,
1194 1923 1297 2013 fd&

185 2015 248 2101 inde
271 2036 435 2119 prolixiores
460 2040 644 2115 atttmtttiones
668 2035 829 2118 instruerat.
871 2036 920 2098 Ex
934 2054 1048 2116 tetroque
1059 2054 1159 2117 genere
1170 2032 1269 2123 pium,

184 2163 227 2208 ma
242 2148 272 2204 iu
287 2142 356 2203 basta
376 2143 602 2205 Commentariun
616 2141 824 2217 transtulimus,
859 2140 994 2222 adiripto
1020 2140 1115 2225 ubique
1141 2145 1264 2204 auctorit

181 2253 307 2324 stamine,
329 2249 494 2333 quodetiam
508 2252 537 2309 itt
557 2249 799 2332 reliquissecimtes.
844 2246 1038 2312 Christianus
1055 2269 1158 2330 qaoque
1173 2249 1275 2312 Dum·

184 2354 286 2428 anius,
324 2357 377 2418 Vir
393 2354 497 2416 meliori
506 2356 626 2441 fortuna
642 2350 827 2437 degetilfimtts,
856 2377 913 2417 tres
931 2358 1049 2431 codices,
1078 2355 1175 2437 quibus
1197 2378 1264 2418 tott-

175 2462 303 2542 jectnras
319 2460 423 2543 aliquot
432 2461 499 2542 ficas
516 2450 645 2545 Nobiliff.
664 2463 816 2526 Barthiuo
833 2463 1032 2546 adscripscrat,
1063 2463 1101 2523 ad
1117 2485 1165 2524 nor
1181 2463 1264 2543 desii.
1280 2476 1293 2491 ·

182 2570 268 2631 ttaoit.
312 2566 408 2649 Neque
426 2567 572 2649 defuissent
587 2575 712 2650 petitioni
731 2573 835 2651 nostrae
855 2570 909 2631 duo
920 2570 1020 2653 firmati
1040 2572 1121 2645 Viri,
1142 2589 1173 2629 ac
1191 2571 1263 2632 Cri.

182 2675 297 2731 ricortem
315 2672 404 2748 nostra
421 2676 603 2756 aetatesacile
615 2683 769 2760 principes,
792 2678 931 2741 Thomas
946 2677 1139 2751 Reinesiuo,
1161 2696 1189 2738 et
1204 2679 1260 2742 Jo-

180 2781 208 2841 F
209 2777 369 2840 riderious
395 2780 599 2860 Gronovius,
630 2788 684 2845 ttisi
702 2785 817 2864 illustres
837 2807 927 2846 eorum
952 2789 1122 2867 cogitationes
1135 2779 1261 2858 fortuite

180 2885 255 2946 nobis
266 2886 355 2945 invidi
377 2907 415 2947 et.
457 2889 532 2949 Nem
547 2883 661 2951 alterius
681 2890 782 2953 codices
799 2891 957 2973 nescioquis
977 2912 1069 2953 ntutno
1086 2890 1260 2973 acceprtsse·
1300 2964 1304 2971 .

171 2981 240 3052 'cum
255 2988 459 3073 asportaverat,
492 2995 606 3057 alterius
622 2998 788 3078 consecmrae
800 2999 909 3080 pridem
931 2999 969 3059 ad
989 3020 1036 3058 nos
1052 2997 1161 3081 mesae,
1196 3018 1260 3059 cum
1295 3016 1301 3027 ·

179 3098 304 3174 litteris,
326 3099 421 3181 quibus
438 3103 661 3177 continebantur,
683 3107 815 3165 incertam
833 3106 911 3183 cujus
928 3105 1025 3187 culpa,
1055 3107 1207 3185 perierunt.

261 3207 397 3282 Postt‘ettto
416 3207 601 3288 Nobiliffltnas
623 3212 743 3295 idemque
763 3208 980 3294 Consultifflmas
1003 3213 1072 3284 Vir,
1103 3209 1145 3270 D.
1165 3209 1258 3272 Hen-

180 3313 269 3376 ricus
289 3311 454 3387 Ernstiuo,
484 3315 584 3393 JCtas
610 3339 638 3379 et
662 3320 814 3401 Polyltistot·
837 3319 1039 3392 celeberrimus,
1066 3339 1124 3378 cum
1143 3339 1178 3376 etc
1193 3298 1259 3385 aliis

180 3420 215 3481 de
229 3417 364 3511 propossto
380 3419 468 3498 nostro
487 3421 676 3503 intellexiffet,
702 3424 800 3505 sponte
814 3427 851 3485 ad
869 3446 916 3484 nos
941 3423 1010 3506 misit
1025 3426 1150 3487 hactenus
1169 3424 1258 3484 inedi-

183 3548 227 3590 tos
243 3527 280 3585 ad
298 3525 414 3606 Nepotis
431 3527 614 3608 Imperatores
631 3530 740 3602 Notas,
779 3552 837 3590 enta
856 3530 1078 3592 Annototiottilns
1105 3532 1141 3590 ad
1163 3534 1260 3591 Vsum

180 3635 286 3705 Attici,
322 3640 402 3692 ostrea
421 3620 532 3713 vquidem
547 3636 576 3692 itt
592 3634 688 3716 Belgio
706 3635 904 3720 Germettiaque
919 3638 1016 3712 editis,
1042 3637 1093 3720 sed
1109 3654 1257 3718 nuttcpat·

179 3742 232 3798 sim
260 3743 345 3799 auctis
374 3757 403 3799 et
424 3743 582 3803 immutatis.
623 3739 702 3824 Qus
718 3762 825 3819 omnes,
849 3765 880 3805 nt
897 3743 929 3805 ab
948 3767 977 3805 eo
994 3742 1160 3824 ttonsmtffae
1173 3744 1254 3825 scettt,

180 3850 204 3906 si
218 3842 395 3926 pauciffima,
427 3867 495 3928 quae
510 3845 542 3907 ab
558 3847 621 3909 aliis
639 3867 762 3932 occupata
780 3873 875 3925 erant,
898 3856 1032 3933 excipias,
1057 3848 1265 3912 Commentario

179 3954 240 4016 lmic
255 3952 426 4036 inseruimus.
468 3952 543 4012 Haec
558 3974 663 4016 monere
679 3956 849 4040 neceffiariam
864 3960 1010 4032 desimus,
1040 3978 1071 4018 nt
1081 3957 1168 4038 scias,
1191 3959 1255 4038 qni·

179 4059 229 4123 lits
245 4078 350 4143 accepta
363 4061 479 4143 serenda
486 4055 564 4139 stne,
595 4082 661 4142 quae
676 4083 746 4124 nurtc
757 4068 875 4146 primam
891 4068 920 4126 in
935 4063 982 4124 hoc
999 4063 1132 4124 volumine
1147 4081 1255 4143 compe.

179 4186 261 4236 rent,
282 4166 364 4226 simul
378 4166 481 4228 debitas
496 4171 635 4247 unitatique
648 4172 755 4251 gratias
772 4190 870 4230 mecum
885 4190 969 4252 agos,
990 4168 1143 4248 habeasque.
1171 4166 1256 4250 Qut

178 4271 302 4352 attoslra
319 4293 399 4334 tttatta
408 4273 494 4356 stent,
525 4270 654 4351 leoifflmn
677 4274 726 4356 esse
743 4277 856 4359 fiateor,
887 4296 915 4336 et
938 4297 995 4336 tum
1013 4277 1133 4357 primum
1151 4273 1255 4333 chortis

178 4378 268 4453 illita,
298 4400 357 4439 cum
379 4377 586 4457 doctifflmorntn
613 4380 746 4442 hominnm
767 4404 863 4454 scotos,
894 4404 959 4464 quos
975 4382 1055 4455 dixi,
1078 4381 1252 4454 ordinarem,

179 4505 207 4543 et
225 4478 405 4568 Typographo'
421 4485 567 4545 traderent.
609 4486 747 4560 Indiccm,
779 4507 810 4546 nt
834 4509 851 4546 a
875 4488 920 4550 Cl.
936 4488 1095 4550 Boeclero
1110 4474 1253 4549 cortoismu-

180 4611 226 4650 tut
246 4611 325 4664 erat,
347 4590 521 4673 reliquimus,
551 4597 604 4654 niti
625 4595 697 4677 quod
711 4597 910 4656 immutavimus
928 4594 1073 4674 quaedam,
1095 4593 1128 4655 ob
1146 4611 1253 4655 textum

1201 4719 1233 4760 ta
