2624 5176
178 312 367 376 nxxxrnr'
488 308 944 373 TESTIMONIA.

179 537 269 621 pluris
276 537 390 620 ficium
404 556 495 597 otoom
506 522 634 618 perores,
661 536 755 622 Qum
768 559 877 598 maceror
893 536 979 611 ulios,
993 552 997 561 ·
1009 537 1130 600 Marone
1149 539 1249 598 dmm.

178 645 311 709 Pacorum
327 643 400 703 baad
419 642 498 705 dabie
521 658 601 727 poeta
618 645 697 708 dicit.
738 643 799 725 Ipse
814 643 860 722 ess.
889 644 1029 724 intrepide·
1045 642 1136 706 stas
1148 641 1251 724 sersus.

179 753 237 826 Hic
255 772 301 813 uos
319 752 433 833 diligere
444 770 472 810 et
487 750 560 811 volet
575 755 662 824 tueri,
686 751 726 811 Et
740 749 826 809 studos‘
838 752 941 831 gressio
951 748 1048 827 ‘fovere
1061 768 1131 811 mro.
1154 749 1262 830 (11110Ι

183 875 296 924 autem
314 857 427 922 ordine
453 857 513 919 hos
540 859 706 941 proximos
728 855 839 920 versus
855 854 1115 938 ell'e'legendos,
1138 869 1172 918 et
1190 875 1254 939 pro

98 976 115 1012 δ
173 969 287 1052 fluere,
314 967 427 1048 fovere,
462 964 701 1049 reponendum,
732 961 815 1024 vidit
833 964 880 1025 cl.
898 966 1079 1040 Puteanus3
1102 961 1190 1024 idern
1205 974 1252 1023 ta·

179 1072 416 1134 menandrum
431 1076 532 1152 gremio
551 1070 651 1153 legit,
674 1084 709 1130 ut
725 1069 822 1131 habet
841 1069 942 1133 editio
959 1067 1196 1153 Lugdunensis,
1220 1081 1256 1130 et

182 1174 341 1263 Aitverp.
359 1192 394 1240 ut
411 1190 564 1261 congruat
584 1196 655 1237 cum
672 1195 753 1238 voce
777 1177 874 1257 nan.)
909 1179 1027 1259 Neque
1043 1195 1122 1238 voro
1141 1194 1253 1262 quem·

183 1308 277 1372 quarn
294 1305 425 1348 morere
443 1283 559 1357 debet,
583 1280 669 1368 quod
687 1283 828 1344 Catullus
842 1281 1073 1345 hunoeundem
1083 1286 1252 1368 Nepotem,

180 1395 294 1456 Italum
319 1392 412 1455 suisse
437 1389 613 1475 significat,
643 1390 758 1472 primis
775 1388 936 1453 rerfibus:
968 1392 1021 1453 Cui
1037 1389 1106 1448 dono
1123 1387 1253 1469 lepidum,

183 1499 432 1571 twvam'libellum,
454 1487 633 1559 Ariddmodo
655 1502 758 1578 pumice
772 1497 942 1578 expolitum?
965 1494 1085 1569 Corneli,
1096 1493 1147 1556 siti
1155 1514 1165 1555 t
1176 1514 1254 1554 mon-

184 1625 234 1687 que
250 1626 282 1666 ne
291 1605 394 1686 diebos
411 1605 493 1664 Mem
510 1601 560 1683 effe
575 1604 680 1685 aliquid
692 1622 791 1686 putare
807 1622 890 1687 atagos
908 1594 978 1679 Jom
996 1620 1071 1678 tum,
1098 1606 1158 1663 cuis
1176 1600 1256 1681 ausus

184 1732 212 1769 es
227 1732 296 1770 unta
315 1710 448 1770 scalmum
474 1713 558 1770 Omne
576 1730 669 1769 oeaura
690 1711 779 1772 tribas
794 1710 931 1790 explicare
946 1709 1056 1769 ebarcis.
1098 1712 1178 1770 Nam
1196 1698 1255 1769 dre

185 1818 308 1879 Gallica
327 1837 365 1878 cx
382 1817 510 1900 amiqua
526 1815 741 1900 descriptione
761 1818 800 1878 ab
816 1818 948 1880 Ancona
961 1815 1088 1878 initium
1101 1815 1206 1889 ducit,
1223 1818 1258 1877 et

181 1942 288 2005 psquc
305 1923 344 1983 ad
367 1924 466 2006 Alpes
485 1923 680 2006 porrigitur:
714 1940 746 1986 et
770 1938 875 1986 tamen
903 1906 986 1985 dune
1014 1923 1097 1982 Italia
1124 1920 1256 2006 dicitur,

79 2028 81 2033 ’
184 2027 319 2110 Itolmqae
338 2030 413 2090 olim
430 2028 606 2092 dicebatur.
649 2033 756 2114 ltaque
776 2031 881 2115 etqui
905 2041 992 2091 trans
1012 2027 1134 2092 Padum
1151 2046 1258 2112 usque

185 2132 225 2192 od
241 2134 461 2208 Rubiconem,
484 2149 516 2197 ot
538 2136 592 2219 qui
613 2138 659 2198 cis
681 2140 802 2200 Padum
827 2158 930 2221 usque
954 2136 993 2198 ad
1017 2135 1116 2223 Alpes
1132 2136 1258 2197 incole·

187 2237 280 2307 bont,
305 2239 382 2313 Galli
406 2241 603 2303 dicebantur.
648 2244 703 2304 llla
727 2246 813 2305 enim
839 2258 907 2307 erat
933 2243 1022 2304 Gallia
1045 2260 1154 2323 togato,
1175 2239 1257 2302 baec

189 2343 384 2420 Transpadana
403 2347 484 2428 (eas
504 2350 629 2433 appello
646 2364 681 2410 ut
695 2350 790 2413 homo
805 2352 935 2425 Gallus,
958 2364 992 2412 et
1011 2349 1046 2409 in
1060 2349 1140 2410 urbe
1158 2349 1259 2410 Lutess

184 2451 230 2510 tia
245 2449 324 2513 haec
336 2452 491 2526 scribens,
513 2440 606 2516 aliter
623 2458 861 2540 appellaturus,
884 2458 912 2518 si
922 2458 1042 2517 Romae
1052 2454 1257 2535 scriberem.)

185 2559 229 2619 Et
249 2559 372 2621 rursum
390 2561 488 2624 iidem
506 2563 634 2646 utrique
649 2566 718 2626 ltali
736 2565 943 2635 dicebantur,
968 2564 995 2624 si
1006 2559 1135 2646 quidem
1143 2581 1259 2647 verum

188 2666 251 2741 esl,
273 2669 395 2731 ltaliam
418 2693 436 2731 a
457 2685 568 2733 natura
587 2671 722 2756 Alpibus
740 2669 834 2733 suill'e
848 2670 1018 2741 munitam,
1047 2681 1081 2729 ut
1106 2665 1168 2742 est,
1198 2666 1257 2729 Al-

184 2794 307 2857 pesque
320 2790 365 2838 ‘et
391 2799 475 2842 nnnc
502 2781 584 2851 csse,
623 2793 655 2839 et
682 2777 758 2839 olim
779 2778 872 2840 suisse
899 2796 1082 2839 communes
1102 2774 1258 2837 ltalioe'et

187 2880 311 2945 Galliae
331 2886 498 2945 terminos.
541 2884 646 2946 Restat
669 2905 770 2957 nunc,
800 2899 835 2945 ut
858 2882 1044 2944 sententiam
1063 2900 1163 2941 meam
1180 2900 1257 2962 ape·

186 2986 286 3059 riam,
325 2988 513 3050 videaturne
534 2990 689 3051 Aemilius
712 2988 858 3059 Probus,
894 3009 933 3046 an
956 2985 1124 3048 Cornelius
1145 2988 1257 3067 Nepos

186 3089 298 3152 borum
325 3094 461 3155 vitarum
486 3095 632 3178 scriptor.
672 3093 817 3156 Dislicile
843 3091 972 3176 quidem
995 3106 1028 3153 et
1042 3091 1259 3175 periculosum

185 3194 340 3275 judicium
356 3196 417 3260 eil:
438 3220 550 3261 verum
567 3215 693 3271 tamen,
717 3220 787 3261 curn
796 3214 829 3261 et
837 3199 916 3260 mihi
929 3200 1007 3284 pers
1005 3200 1109 3261 uasum
1123 3198 1177 3270 sit,
1189 3196 1257 3257 bas

186 3302 288 3378 vitas,
321 3320 488 3390 antequam
512 3307 724 3388 imperatores
749 3309 899 3393 perpetui
926 3307 1119 3368 dominatum
1135 3307 1257 3364 Romae

188 3409 391 3483 obtinerent,
415 3413 477 3474 else
495 3410 647 3495 scriptas,
676 3427 709 3474 et
727 3414 833 3474 Probus
847 3436 911 3476 nou
929 3415 971 3475 sit
987 3414 1116 3475 illorum
1132 3408 1258 3493 prisco·

79 3546 82 3551 ·
187 3535 259 3575 rum
275 3529 456 3600 temporum
473 3538 669 3601 cognomen,
691 3518 747 3581 sed
766 3522 1002 3592 recentiorum,
1027 3532 1060 3579 et
1079 3516 1175 3599 longe
1197 3534 1258 3597 po·

188 3618 373 3685 sleriorum:
395 3625 473 3686 mihi
489 3625 618 3687 ridetur
631 3627 803 3689 Cornelius
816 3633 926 3710 Nepos
942 3627 1060 3710 potius,
1083 3641 1177 3708 quam
1192 3621 1258 3681 Ac-

188 3728 294 3790 milius
312 3731 461 3805 Probus,
491 3752 587 3794 verus
604 3732 697 3813 hujus
714 3732 791 3796 libri
809 3754 925 3818 parens
945 3745 977 3792 et
994 3744 1104 3792 auctor
1121 3729 1184 3790 esse
1203 3749 1258 3811 ag·

188 3835 382 3898 noscendus:
404 3837 446 3900 ita
464 3851 584 3912 tamon,
605 3852 640 3899 ut
656 3839 744 3900 suum
761 3840 877 3925 cuique
887 3839 1040 3921 judicium
1050 3836 1188 3899 liberum
1204 3855 1259 3894 re·

141 3946 145 3955 ‘
188 3940 346 4023 linquam,
367 3944 552 4026 nequeboc
569 3946 646 4006 mihi
665 3946 800 4020 sumam,
833 3963 886 4020 ut,
920 3946 975 4030 qui
991 3946 1085 4006 aliter
1108 3942 1257 4012 sentiant,

187 4058 335 4130 tanquam
361 4047 571 4134 desplentcs,
608 4065 660 4112 aut
685 4066 848 4128 errantes,
879 4077 896 4114 a
921 4050 1281 4147 11111οοιιᾱοηιιιεειιῒιις.Ι

188 4152 321 4235 Scripsit,
336 4167 440 4216 autem
455 4159 626 4222 Cornelius
646 4163 756 4243 Nepos
773 4160 947 4232 Chronica,
970 4173 1004 4220 ut
1013 4156 1254 4220 telluturAuso·
