2624 5176
727 487 732 500 Ι

10 490 20 855 i
372 810 445 871 TE
463 806 484 870 8
502 807 530 867 Τ
547 806 562 866 1
576 807 611 866 u
628 802 658 868 0
675 807 703 868 N
720 805 735 865 1
750 802 790 867 Α.
1048 824 1102 870 cix

10 948 24 985 tt

10 986 12 1001 Ι
107 1017 182 1078 Jm
197 1032 278 1075 vero
294 1010 347 1074 bie
365 1013 472 1097 primo
491 1011 608 1075 intuitu
620 1026 727 1070 nonne
737 988 909 1090 unicuique
924 1010 1040 1073 mirum
1052 1013 1100 1074 ri.

10 1120 16 1129 '
44 1118 103 1183 bri
119 1120 275 1194 debehat,
302 1119 378 1203 quid
397 1120 459 1182 sibi
477 1118 543 1182 rita
559 1113 719 1186 Datamis,
739 1110 885 1191 fortiffirni
906 1124 1020 1177 narrum
1035 1131 1099 1178 our.

39 1224 157 1287 bum
174 1231 292 1308 strepas
318 1226 474 1307 Hauaileare
491 1243 518 1283 er
541 1219 716 1293 Hannibale,
747 1233 782 1287 ut
798 1220 909 1284 verbis
927 1220 1023 1307 ipsus
1040 1229 1105 1287 Ne.

10 1332 117 1416 *potis
132 1346 222 1419 utar,
243 1353 345 1416 paene
370 1333 403 1393 in
420 1329 527 1395 medio
546 1327 640 1401 libri,
668 1326 755 1393 iuter
774 1330 856 1393 titas
872 1328 987 1391 ducum
1003 1333 1105 1393 Grae.
1175 1330 1183 1353 '

38 1457 163 1512 esrum,
183 1439 306 1502 vellet?
347 1438 451 1534 Quid,
487 1433 573 1518 quod
596 1439 705 1516 Nepos
725 1431 848 1517 possea,
878 1436 980 1496 snitu
995 1437 1105 1498 Timo·

37 1540 151 1605 leontis
166 1543 418 1626 transgressurus
440 1542 480 1602 sd
501 1540 598 1601 duces
613 1539 839 1613 barbarorum,
869 1539 961 1602 initio
980 1541 1103 1605 succin-

36 1662 100 1711 ttse
119 1650 210 1711 illius
230 1648 270 1709 de
284 1647 428 1730 Regibus
447 1645 772 1718 commemorationis,
803 1659 963 1729 peractam
985 1668 1024 1709 eo
1047 1671 1102 1711 us·

36 1775 95 1837 que
112 1754 192 1815 libri
206 1769 329 1838 partem
349 1754 524 1836 respiciens
541 1753 604 1813 ait:
627 1753 667 1810 Hi
680 1752 746 1832 fere
754 1740 875 1824 sicerum
894 1751 1022 1813 Graeciae
1033 1775 1101 1835 gen.

33 1881 68 1919 ns
82 1862 183 1934 duas,
205 1864 252 1942 qui
263 1864 386 1919 arumnis
401 1859 476 1941 digni
487 1858 655 1920 uidebantur.
678 1860 808 1939 Ergone
821 1859 1001 1930 Datemcm,
1015 1860 1102 1943 quod

33 1965 126 2026 ritem
155 1966 225 2045 ejus
253 1966 287 2025 iu
309 1965 415 2027 medio
435 1965 549 2028 horum
571 1966 749 2039 cernimus,
772 1965 807 2025 iu
824 1964 977 2027 Graeciae
993 1965 1101 2047 gentis
1185 1944 1187 1948 Α

32 2068 168 2134 ducibus
184 2071 323 2134 hebuit?
361 2073 442 2167 Quis
459 2071 521 2134 hoc
538 2070 666 2147 credat,
688 2070 841 2156 cumipse
857 2092 947 2146 cum,
968 2086 1003 2136 ut
1017 2071 1109 2134 ridi--

32 2198 120 2251 mus,
144 2177 290 2240 waren
310 2178 451 2242 dixerit?

112 2351 182 2415 Sed
209 2351 292 2435 ajunt
315 2355 477 2417 editores:
510 2355 616 2418 creuit
638 2354 700 2417 hoc
724 2352 950 2439 chronologia,
974 2356 1007 2416 in
1023 2355 1100 2420 ritis

32 2456 98 2522 ibis
115 2459 304 2521 ordinandis
323 2437 462 2532 seriata,
491 2477 525 2524 ut
542 2463 690 2524 Datames
710 2482 782 2522 eum
804 2462 916 2535 locum¹
929 2460 1100 2525 obtineret.

32 2564 151 2628 Audio.
191 2568 233 2628 At
258 2588 341 2626 nurse
367 2588 501 2649 quaero:
526 2567 608 2628 unde
631 2566 725 2628 nobis
746 2565 798 2628 isia
817 2568 857 2628 ad
875 2564 1102 2650 chronologiae

33 2674 122 2755 leges
142 2673 226 2733 sacta
250 2674 385 2732 vitarum
406 2672 588 2733 ordinatio?
617 2671 709 2734 Estne
729 2675 767 2734 ab
787 2689 916 2735 auctore
935 2674 1002 2756 ipso
1017 2674 1103 2734 insti-

31 2777 119 2837 tuta?
158 2776 265 2872 Quid,
289 2779 317 2839 si
332 2777 395 2839 hoc
410 2799 527 2861 negare
542 2777 657 2839 ausim?
689 2780 790 2873 Quid,
815 2782 841 2840 si
865 2781 945 2842 hanc
960 2757 1103 2863 negatio-

31 2906 101 2946 nem
112 2887 329 2967 argumentis,
352 2906 390 2944 ex
407 2883 500 2968 ipsius
519 2887 626 2968 operis
638 2886 890 2947 conformatione
905 2888 1026 2970 petitis,
1049 2888 1103 2948 ad-

33 2984 144 3050 struam
160 3004 255 3072 atque
273 2988 459 3050 sustineam?
501 2990 589 3073 Age,
610 2988 672 3050 hoc
691 2991 895 3073 experiamur
913 2991 921 3049 i

110 3164 192 3224 cum
220 3177 366 3225 accurato
386 3175 418 3223 et
446 3162 552 3223 sobrio
574 3161 732 3244 scriptore
756 3182 809 3223 res
824 3161 918 3221 nobis
939 3160 992 3223 cst.
1034 3166 1106 3225 Non

33 3267 108 3328 solet
128 3269 203 3329 talis
229 3270 262 3328 in
284 3248 493 3328 adornatione
514 3267 649 3350 partium
669 3268 763 3327 unius
786 3246 880 3349 atipue
898 3266 1039 3346 ejusdcm
1055 3268 1105 3328 hi·

34 3371 136 3435 sorici
155 3376 267 3457 operis
284 3396 300 3433 a
319 3375 413 3456 genio
438 3375 536 3435 totius
562 3373 754 3444 deflectere,
786 3385 817 3432 ct
835 3370 939 3432 secum
952 3392 1105 3456 pugnare.

35 3478 102 3571 spuo
125 3481 208 3539 nitio
224 3479 278 3540 hic
294 3480 379 3541 liber
396 3499 435 3540 ex
452 3492 580 3562 recepta
596 3480 733 3540 vitarum
750 3477 949 3538 ordinatione
970 3478 1106 3538 sirtedu·

37 3583 84 3643 bio
103 3586 247 3667 laborat,
271 3602 304 3648 ut
327 3590 441 3647 mirum
470 3588 530 3659 sit,
561 3586 719 3647 neminem
743 3585 902 3646 editorum
926 3581 988 3644 boc
1006 3583 1107 3645 adhuc

41 3692 108 3752 satis
123 3690 392 3755 animadvertisse.
436 3692 697 3764 Consideremus,
729 3691 756 3751 si
775 3692 897 3773 placet,
920 3691 1006 3751 illam
1030 3710 1107 3773 ope·

40 3794 80 3854 ris
97 3796 310 3877 particulam,
334 3822 414 3882 quae
432 3800 563 3860 inscribi
583 3797 663 3859 solet
679 3798 711 3857 de
728 3797 853 3879 Regibus.
896 3797 997 3890 Quem
1023 3795 1110 3856 ordi·

41 3921 120 3974 nem,
146 3903 285 3984 quaeso,
308 3904 340 3962 in
365 3906 570 3966 recensendis
587 3905 731 3987 Regibus
749 3916 860 3964 auctor
879 3900 932 3962 hie
955 3899 1112 3962 instituit?

42 4009 148 4068 Nonne
166 4007 312 4069 ridemus
329 4009 418 4070 iilum
436 4026 559 4073 eertum
578 4010 733 4093 quendam
755 4014 874 4090 genitium
895 4006 1040 4068 ordinem
1061 4027 1127 4066 set

43 4115 106 4195 gni,
130 4129 228 4197 atque
244 4116 286 4175 ita
306 4116 500 4198 singularum
520 4118 660 4200 gentium
678 4115 814 4178 eximios
831 4117 939 4196 Reges
957 4100 1112 4196 perpetuu

45 4222 120 4282 serie
135 4222 308 4304 prosequi,
331 4225 416 4284 nulla
432 4245 472 4285 ex
490 4224 560 4283 aliis
580 4222 794 4305 permixtione
815 4219 963 4283 admissa?
986 4221 1111 4302 sicigi-

10 4348 12 4383 ι
44 4336 88 4403 tur
102 4329 245 4409 gentium
265 4330 366 4411 prima
394 4330 440 4390 illi
466 4342 659 4389 memoratur
676 4330 835 4409 serfhrnm:
865 4349 903 4388 ex
926 4326 984 4386 hae
1004 4329 1112 4408 Reges

46 4450 96 4491 una
115 4436 202 4496 serie
221 4436 391 4518 producit,
416 4440 541 4517 Cyrum,
564 4435 708 4509 Darium,
727 4430 885 4516 Hystaspis
903 4429 1013 4506 sisium,
1030 4433 1113 4491 Xer·

10 4516 12 4561 ¹
46 4555 122 4611 tem,
146 4541 377 4615 Artaxerxem,
409 4541 460 4604 cui
490 4555 558 4602 erat
581 4555 826 4627 cognomentum
851 4537 1050 4611 Macrochir,
1081 4549 1114 4599 et

48 4644 244 4709 Artaxerxem
263 4636 453 4733 cognomine
470 4653 646 4710 Mnemone.
690 4652 771 4709 Tum
793 4646 935 4731 s'equitur
952 4665 1033 4728 gens
1044 4644 1113 4703 Ma·
