2624 5176
107 700 188 790 su'
421 696 880 781 ru'srruonrl.

22 938 25 945 ·
106 937 373 1027 promissuros,
405 955 486 1019 quos
503 933 601 998 ciunt
625 937 750 1000 Gellius
768 938 824 999 uu
844 937 916 1002 vu.
939 933 1133 1019 uanum.
1149 943 1180 995 a

110 1043 267 1110 Charilius
288 1042 345 1104 lib.
361 1047 385 1105 1.
428 1043 499 1105 Alia
515 1065 643 1128 quoque
660 1043 803 1127 ejusdem
819 1042 1107 1119 laudantvetercs3
1124 1036 1178 1101 sed
1198 1064 1218 1099 'l

96 1160 171 1213 'nou
187 1150 283 1224 item,
305 1170 386 1234 quae
405 1144 446 1211 ad
466 1148 628 1211 historiam
643 1133 889 1234 pertineant*).
951 1152 1030 1210 Nam
1046 1166 1087 1207 ex
1111 1143 1177 1233 epi·
1211 1142 1218 1225 l

51 1274 58 1287 “
106 1255 183 1320 liola
200 1256 269 1339 ejus
300 1255 340 1316 ad
359 1241 553 1318 'Ciceronem
569 1255 720 1339 quaedam
739 1254 919 1317 lactantius
935 1250 1037 1315 sffert'
1051 1251 1109 1314 lib.
1128 1252 1176 1313 ΙΙΙ.
1206 1234 1218 1355 l

104 1361 238 1424 inllitut.
252 1360 387 1424 divinar.
410 1383 480 1447 cap.
493 1364 563 1426 XV.
606 1361 878 1460 Quemadmodum
902 1373 936 1422 et
955 1360 1125 1422 Ciceronis
1140 1356 1178 1421 sd
1210 1360 1218 1443 l

105 1474 264 1554 Nepotem
288 1469 438 1553 cpillolas
463 1471 609 1531 meminit
634 1469 851 1552 Tranquillus
869 1467 902 1527 in
918 1466 1006 1528 Julio
1022 1485 1094 1551 csp.
1111 1466 1176 1530 LV.
1214 1496 1218 1521 t

104 1577 287 1639 Ammianus
306 1579 509 1640 Marcellinus
527 1576 620 1639 initio
638 1575 714 1637 libri
730 1575 843 1637 xxvi.
866 1592 901 1634 ao
918 1573 1106 1635 Priscianus
1123 1572 1178 1634 lib.
1215 1596 1218 1651 t

8 1668 15 1687 ’
107 1685 191 1749 Vlll.
233 1686 299 1745 lmo
322 1697 356 1745 et
380 1684 552 1746 lecundum
577 1682 745 1745 Ciceronis
771 1679 971 1764 epistolarum
995 1680 1116 1741 librum
1140 1676 1178 1740 sd

105 1794 262 1872 Nepotem
276 1790 460 1852 Macrobius
478 1790 554 1851 citat
570 1790 627 1850 lib.
647 1793 685 1850 11.
710 1788 866 1856 Saturnal,
883 1806 951 1870 cap.
968 1789 992 1847 1.
1036 1784 1134 1882 Quod
1151 1784 1178 1847 si

109 1896 183 1980 quis
207 1895 384 1980 fragmenta
410 1897 514 1956 omnia
537 1896 672 1978 Nepotis
699 1894 882 1968 desideret,
910 1894 1008 1975 longe
1030 1893 1072 1953 iis
1089 1890 1181 1953 colli·

104 1990 220 2085 gondis
232 2003 377 2084 priorum
396 2003 476 2064 vicit
492 1999 673 2061 indullrinm
690 1999 836 2063 Andreas
857 2001 1017 2064 Schottus.
1039 1999 1180 2060 Hermo·

103 2109 173 2169 laus
189 2108 367 2179 Barbarus,
390 2106 644 2189 castigationibus
658 2107 690 2205 in
706 2107 805 2168 Plinii
824 2107 880 2168 lib.
892 2107 961 2173 XV.
978 2125 1047 2189 cap.
1061 2104 1179 2166 xxlx.

103 2266 430 2282 ,ιρι-ιι-

137 2352 219 2408 l'uille
240 2348 392 2478 sipnifi'rat.
410 2354 496 2429 Quod
514 2373 684 2428 quamquam
707 2355 765 2408 Jac.
790 2354 869 2409 Frid.
890 2354 1064 2427 Heusingsro
1083 2352 1181 2408 miuus

135 2422 267 2476 scrisimi
283 2439 299 2474 c
315 2422 445 2489 ridetur,
465 2425 602 2477 llinclsius
620 2437 713 2477 tamen
751 2424 790 2476 oll
804 2424 929 2478 lollium
942 2421 1063 2489 ctlsujus
1079 2422 1178 2477 inleri-

137 2490 248 2561 ptionis
266 2490 346 2543 fidem
364 2508 422 2543 nou
440 2493 469 2544 in
488 2491 605 2545 dubium
629 2443 786 2545 vocandam
801 2493 912 2555 statuit,
929 2508 1040 2562 nosque
1056 2489 1112 2563 ipsi
1125 2491 1179 2545 As.

138 2556 189 2610 tici
207 2557 349 2613 vitam·ad
369 2558 449 2610 illum
468 2562 604 2612 lirornm
624 2560 774 2612 lllullrium
791 2559 897 2612 librum
919 2578 978 2613 non
996 2560 1116 2631 prorsus
1135 2559 1181 2613 in·

138 2626 291 2679 commode
304 2626 404 2679 referri
416 2616 493 2698 polle
505 2628 698 2681 coriceslimus.
711 2643 737 2681 v.
751 2631 817 2681 llos.
829 2626 864 2678 ad
873 2627 1064 2750 Attic.princ.
1072 2625 1178 2749 ¹guod·

138 2693 162 2747 si
180 2704 273 2746 tamen
297 2705 479 2766 reputamus,
493 2714 509 2749 a
525 2697 664 2749 Cornelio
684 2696 755 2748 harre
773 2698 861 2747 vitam
881 2695 921 2748 ita
946 2713 961 2749 e
983 2698 1051 2767 itam
1107 2696 1176 2761 tue,

137 2772 171 2814 ut
187 2761 313 2834 primum
331 2763 444 2817 nonnisi
463 2781 512 2832 ca,
532 2781 606 2834 quar
623 2765 725 2836 primis
743 2764 846 2817 Xblll·
865 2765 1009 2836 capitibus
1023 2765 1176 2819 coutinen-

137 2839 202 2893 tur,
221 2830 477 2902 complecteretur,
495 2836 605 2902 reliqua
622 2832 680 2903 poll
691 2844 812 2886 mortem
829 2832 917 2885 ‚tuiu
931 2831 1120 2897 accederent,
1138 2831 1177 2886 sd

139 2897 225 2952 Titzii
244 2900 343 2971 potius
363 2902 530 2954 sententiam
549 2903 736 2963 inclinamus,
766 2901 814 2972 qui
840 2900 868 2951 iu
885 2901 1049 2955 animadvv.
1069 2901 1131 2955 suis
1142 2918 1175 2974 p.

121 2969 200 3035 ¹²74·
218 2966 304 3020 Attici
320 2968 407 3020 vitam
419 2971 610 3042 separatima
627 2970 765 3023 Cornelio
782 2968 956 3040 publicatam
971 2968 1051 3024 luiss'e
1068 2968 1176 3035 censet,

140 3039 216 3088 sicut
229 3036 307 3089 illam
320 3037 437 3097 Catonis
452 3039 628 3109 pleniorem,
647 3054 731 3106 quam
745 3039 842 3108 lispos
856 3037 915 3106 ipso
930 3040 1001 3112 Gap.
1014 3038 1041 3100 3,
1053 3039 1080 3092 ὅ.
1096 3053 1175 3091 com-

138 3115 288 3157 memorat.
327 3106 426 3158 Utrum
446 3118 537 3159 alitem
555 3109 725 3172 Cornciiac,
746 3107 843 3158 matris
859 3109 1075 3172 Gracchorum,
1114 3104 1176 3177 epi·

138 3170 271 3225 llolarum
287 3177 475 3241 Fragmenta,
493 3191 563 3247 qliae
583 3172 704 3229 Codices
722 3192 756 3227 cr
775 3174 829 3225 boc
851 3176 931 3248 ipl'o,
951 3175 1057 3246 dequo
1078 3172 1175 3247 loqui.

135 3256 217 3305 mur,
241 3242 372 3295 Cornelii
399 3242 477 3296 libro
502 3253 634 3313 excerpta
678 3244 831 3307 orbibrnt,
859 3244 1025 3297 elarillunac
1046 3242 1174 3298 feminas

135 3307 309 3368 tribuenda.
335 3328 370 3362 ari
389 3309 504 3364 sallario
523 3311 609 3364 elicui
632 3263 820 3365 adscribenda
841 3312 914 3379 sint,
943 3313 1010 3364 mihi
1029 3313 1175 3367 nonsatis

136 3376 314 3446 exploratum
333 3377 387 3428 ell'e
408 3376 511 3432 fateor.
538 3381 721 3450 Suppnlititia
743 3396 775 3431 oa
797 3381 866 3446 elle,
889 3391 917 3432 et
936 3391 1044 3433 tontum
1064 3381 1105 3434 ob
1122 3398 1175 3435 no·

136 3447 245 3498 minum
264 3443 396 3499 Cornelii
414 3455 442 3497 et
462 3447 616 3502 Corneliae
633 3446 850 3500 similitudinem
868 3450 897 3501 iu
915 3450 1035 3520 Nepotis
1056 3448 1175 3504 codices

136 3512 291 3634 irplreplille,
311 3513 405 3565 censet
422 3513 454 3566 A.
472 3515 506 3567 G.
523 3515 649 3635 bangiupi
663 3517 800 3595 coloro,
829 3511 913 3635 quopri
927 3519 969 3638 1in
983 3515 1175 3638 {dnotstione

67 3652 72 3664 '
94 3701 100 3705 ,
135 3597 194 3720 ipsi
209 3597 834 3723 ιῖἓξηιίἆοέιζὶιςιζᾳᾞοίἦοᾋὲῃιὴιῗὲᾗίῐῖὧξε
850 3595 1101 3711 ildesilielliilee
1113 3601 1175 3710 lig·

136 3719 210 3777 tins's
227 3717 381 3774 historicis
397 3717 504 3771 librum
523 3719 671 3793 portinere
688 3722 855 3791 potuerint,
874 3739 961 3794 quum
976 3739 1070 3793 neque
1089 3739 1173 3795 argu.

137 3798 263 3841 mentum
279 3804 377 3839 earum
395 3786 460 3839 huic
477 3788 554 3843 libro
571 3793 741 3849 conveniat,
763 3801 791 3844 et
804 3790 968 3843 Corneliam
982 3791 1069 3863 ipsum
1085 3807 1174 3846 nemo

136 3853 438 3976 ”mviii-rumim
455 3853 698 3937 adnumerurerit.
724 3860 913 3980 Quacputcm
933 3877 948 3912 e
970 3859 1173 3934 Guelpherby·

135 3927 1175 4073 {tlt1ints'tt'ttl'ttttltttttt‘lttn‚ltlltt'g'ntttl‘t

137 4059 277 4114 Cornelio
291 4063 396 4131 Nepoti
412 4062 656 4129 tribuendarum,
671 4083 729 4119 non
744 4066 915 4119 dubitamus.
938 4065 1008 4122 lndc
1020 4066 1070 4123 illa
1085 4064 1173 4118 ctiam

136 4126 203 4181 loca
217 4125 341 4182 defututa
356 4128 409 4180 elle
422 4142 561 4201 apparet,
582 4148 655 4204 quae
669 4137 783 4207 Fragm.
802 4150 864 4205 cap·
884 4134 910 4188 3.
926 4154 1004 4189 num.
1020 4155 1044 4190 n.
1060 4142 1089 4187 et
1105 4148 1170 4206 cap.

136 4197 164 4250 o.
184 4211 215 4248 n.
231 4195 412 4267 stagnatur.
432 4202 474 4251 De
487 4218 611 4253 auorum
626 4202 727 4273 priore
744 4204 873 4259 ltlolchio
890 4202 977 4274 plane
995 4201 1172 4270 allentimur,

135 4262 398 4329 inDill'srtationc,
427 4248 513 4337 supria
533 4267 664 4331 laudata,
690 4290 755 4344 pag.
782 4291 824 4328 ιι.
841 4288 902 4339 seu.
923 4272 994 4326 baec
1010 4270 1168 4326 scribenti:

139 4331 225 4407 Quos
239 4330 276 4387 de
288 4332 397 4388 Albino
410 4350 428 4387 o
440 4337 550 4392 Colone
562 4338 725 4403 vituperato
736 4340 816 4414 opud
831 4341 960 4397 Gellium
975 4361 1015 4405 ii,
1027 4342 1054 4397 8.
1066 4336 1095 4393 le
1139 4357 1170 4393 n·

136 4410 201 4465 tur,
234 4400 284 4457 liic
308 4403 420 4471 scripto
447 4404 542 4458 tradit
565 4407 597 4460 in
619 4406 698 4463 libro
725 4410 856 4466 Cornelii
881 4411 1004 4481 Nepotis
1022 4405 1096 4464 dei
1122 4403 1171 4460 lu·

136 4469 285 4525 stritus
303 4472 412 4531 utris,
434 4473 539 4541 ostibus
558 4474 634 4531 odeo
649 4478 744 4534 uerbis
758 4478 874 4534 codices
887 4477 1009 4552 quidam
1024 4478 1101 4533 Mu.
1119 4472 1172 4527 orl.

137 4536 213 4593 dunt
224 4558 382 4594 numerum
396 4537 469 4595 libri
483 4543 557 4598 xul.
576 4544 654 4618 quod
676 4546 924 4618 quemadmodum
941 4548 1035 4602 Bosio
1048 4563 1108 4600 nors
1123 4561 1170 4600 ne·
1193 4554 1196 4558 “

137 4605 335 4683 ςὶίςιηᾶωη,
352 4609 396 4663 ita
407 4610 485 4667 milti
495 4630 595 4668 verum
608 4621 637 4670 et
649 4616 683 4671 in
698 4625 813 4673 textum
827 4615 1028 4691 recipiendum
1042 4611 1167 4672 videtur.
