2624 5176
406 404 414 413 1

119 872 158 923 η
295 797 300 817 ’
425 831 895 917 reuertere.

118 1064 403 1155 nominabimus,
428 1061 771 1148 benevolentianon
785 1062 903 1135 solum
914 1051 1203 1165 praestantissimi

6 1258 9 1263 .
120 1186 439 1287 Guelpherbytani
462 1186 605 1262 codieis
620 1185 739 1263 retias
762 1186 939 1260 lectiones
961 1201 998 1256 et
1018 1209 1093 1256 non
1107 1181 1203 1254 inse.

118 1311 259 1388 riorum
279 1290 498 1387 auctoritate
520 1310 790 1386 Axenianarum
810 1307 1104 1383 membranarum
1123 1307 1201 1381 col·

105 1429 312 1527 lationem,
366 1433 577 1511 aMosehio
602 1434 717 1509 multo
739 1432 972 1520 accuratius,
1019 1457 1131 1531 quam
1153 1431 1200 1503 ab

118 1559 342 1662 Heufingero
358 1555 497 1634 factum
514 1575 617 1647 erat,
640 1556 869 1656 evulgatam,
895 1554 961 1631 sed
973 1556 1083 1629 etiem
1094 1582 1201 1656 prae·

6 1746 9 1753 .
117 1697 176 1760 ter
193 1682 368 1787 optimam
390 1681 671 1781 Ultrejectinam
695 1680 895 1757 editionem
908 1680 998 1757 aliae
1018 1680 1203 1778 antiquio·

115 1832 177 1882 res
197 1806 406 1911 inspicere,
442 1805 561 1905 iisque
589 1805 636 1881 ad
664 1804 894 1882 emendanda
911 1804 1071 1879 Cornelii
1091 1805 1204 1878 uerba

19 1926 22 1939 '
61 1953 65 1962 ·
117 1931 172 2003 uti
184 1929 292 2006 nobie
305 1930 444 2007 liceret.
496 1928 572 2002 Sed
584 1945 781 2031 antequam
796 1928 844 2003 ed
856 1926 1096 2004 describenda
1109 1930 1203 2003 haee

117 2054 275 2158 Nepotis
302 2052 460 2128 ornandi
488 2050 670 2141 subddia,
696 2069 733 2129 et
751 2077 813 2141 ea,
841 2059 935 2156 quae
958 2052 1103 2125 illorum
1128 2081 1202 2155 ope

116 2202 187 2253 nos
215 2177 399 2278 praeliare
425 2176 549 2252 conati
569 2177 702 2266 simus,
738 2176 946 2253 enarranda
967 2177 1201 2268 accedamus,

59 2331 62 2337 ¹
113 2301 258 2377 neeelle
281 2300 349 2390 est,
386 2299 497 2375 etde
527 2301 749 2390 Codieihus,
792 2327 949 2399 quorum
982 2301 1204 2377 auctoritato

98 2423 270 2525 <Nepotis
298 2440 418 2500 textus
444 2450 466 2496 a
485 2425 584 2503 Viris
611 2427 741 2504 Doetis
763 2423 1049 2523 constitutus-est
1062 2477 1074 2513 ‚
1100 2427 1202 2501 etde

109 2547 159 2624 iis
183 2544 426 2636 editionibte,
452 2573 548 2652 quae
567 2550 805 2656 praeeipuam
821 2548 877 2624 rel
889 2551 1130 2627 correctionis
1142 2553 1202 2629 rel

114 2670 371 2770 explicationis
399 2672 547 2750 laudem
569 2672 727 2769 hebent,
767 2699 1004 2779 exponamus
1057 2676 1201 2775 Quam

113 2820 156 2873 re
177 2824 289 2895 quum
310 2795 551 2876 Fischerum
540 2822 580 2895 tu
600 2794 836 2874 Praefatione
847 2851 858 2887 ,
884 2825 995 2921 quam
1015 2798 1200 2877 Harlefiue

110 2920 238 2996 multis
259 2919 577 2999 observationibus
596 2919 855 3021 locupletavit,
892 2948 982 3028 prae
1000 2922 1131 2997 ceteris
1143 2922 1200 2992 di

42 3131 44 3142 y
109 3042 270 3143 ligentep
282 3065 319 3124 et
337 3044 584 3141 intelligenter
598 3044 777 3122 versatum
790 3047 878 3123 elic
868 3065 964 3120 mter
974 3072 1100 3122 ornnes
1108 3071 1200 3120 con

108 3164 177 3245 eet
187 3221 199 3259 ,
222 3170 325 3273 illiue
343 3164 590 3248 Praelationis
611 3188 870 3274 campartem,
896 3148 936 3243 in
956 3171 1089 3271 quade
1107 3169 1200 3244 scri·

26 3274 29 3279 ¹
108 3292 185 3397 ptis
207 3294 389 3398 editisque
413 3292 576 3372 Cornelii
597 3292 701 3393 libris
725 3293 863 3391 agitur,
901 3294 954 3366 ita
980 3294 1018 3369 in
1039 3293 1201 3383 nostram

109 3416 397 3508 transferemus,
429 3436 470 3496 ut
492 3417 698 3557 quaedam,
720 3445 798 3494 non
819 3419 909 3492 satis
928 3436 1028 3495 reete
1047 3418 1197 3507 tradita,

102 3540 369 3631 emendemus,
392 3541 482 3629 alia,
510 3567 604 3646 quae
623 3541 784 3619 virorum
804 3543 952 3620 illorum
972 3542 1200 3642 diligentiam

90 3662 341 3764 effugerunt,
366 3661 594 3764 adjiciamus

104 3864 107 3869 .
207 3789 363 3887 „Italiae
386 3789 632 3868 bibliothecae
648 3817 725 3867 non
738 3816 884 3892 repono
894 3793 1134 3893 supped1talle
1150 3793 1198 3870 ad

52 3938 55 3942 ·
110 3913 360 3993 emendandas
381 3914 536 4019 Nepotis
556 3914 662 3993 Vitas
688 3915 845 3994 Codices
867 3917 1023 4017 leriptos
1048 3918 1196 4008 multos,

106 4042 258 4143 praeter
272 4064 364 4125 eos,
390 4064 411 4116 e
430 4036 565 4141 quibus
582 4035 724 4145 primae
741 4041 887 4118 illartuu
907 4042 1101 4132 editiones,
1114 4060 1196 4114 ton-

109 4185 223 4258 quarn
245 4162 312 4235 riri
337 4189 358 4235 e
381 4161 549 4239 fontibus
561 4215 573 4252 ‚
621 4164 802 4243 deductae
830 4165 992 4243 suerunt.
1051 4168 1195 4271 Magius

78 4356 80 4361 ,
109 4285 285 4388 quidem,
317 4288 364 4364 de
380 4286 484 4393 cujlrs
505 4287 545 4361 in
563 4288 774 4366 Cornelium
795 4291 934 4368 meritis
948 4293 1082 4370 deinde
1095 4294 1195 4367 dice.

106 4397 211 4498 nius,
238 4411 322 4484 ulus
349 4413 400 4488 est
426 4411 531 4488 libris
556 4411 701 4513 seriptis
726 4414 896 4505 duobus,
944 4443 1044 4509 uno,
1087 4445 1198 4520 quem

105 4535 382 4613 membraneum
407 4554 516 4610 vocat
546 4535 601 4626 ¹),
646 4538 799 4630 altero,
850 4568 960 4645 quem
987 4542 1198 4649 pertinuere

108 4655 437 4679 h———w

144 4725 172 4791 t)
189 4718 234 4780 A'd
247 4724 376 4827 Miltiad.
391 4729 419 4795 4,
438 4727 466 4795 4.
487 4724 614 4787 diener.
