2624 5176
61 1175 70 1191 Ι
103 1117 120 1162 S

139 770 209 857 nt
394 752 1039 859 conuurrunrours-¹
1151 710 1160 732 ⁴

143 944 294 1031 seruandi
322 966 441 1050 gretia,
484 985 525 1027 ne
554 966 626 1050 quis
649 965 880 1052 impediretur,
936 984 1001 1048 quo
1029 960 1224 1042 minuerint

143 1078 266 1150 rebus,
309 1073 425 1160 quihus
447 1073 586 1157 quisque
614 1075 729 1149 vellet,
772 1068 949 1134 frueretur.
994 1071 1132 1154 Semper
1153 1089 1225 1131 eum

67 1195 73 1212 ⁸
142 1183 316 1268 pedisequi
350 1203 423 1263 eum
456 1180 594 1241 nummis
624 1193 698 1242 sunt
726 1180 848 1253 secuti,
872 1162 945 1253 'ut,
988 1179 1017 1241 si
1046 1175 1119 1262 quis
1152 1177 1223 1258 opis

142 1291 211 1373 ejus
243 1290 422 1373 indigeret,
464 1286 616 1360 haberet,
659 1284 747 1372 qnod
773 1287 879 1348 statim
908 1286 1015 1369 deret,
1058 1306 1100 1347 ne
1130 1283 1225 1348 difle-

143 1394 254 1497 rendb
275 1396 443 1459 uideretur
471 1412 602 1477 negare.
666 1394 791 1475 Saepe,
835 1414 931 1478 quum
959 1372 1100 1479 aliquem
1122 1392 1224 1456 offen·

144 1526 215 1569 sum
243 1501 373 1564 fortuna
401 1500 531 1563 videret
560 1499 665 1562 minus
696 1499 781 1563 bene
810 1501 982 1576 vestitum,
1026 1520 1124 1561 suum
1145 1500 1223 1562 emi.

60 1752 63 1757 >
141 1688 207 1770 Uno
229 1709 299 1765 item
320 1710 458 1766 Caesaris
471 1708 510 1765 Β.
531 1705 611 1765 Gall.
637 1726 662 1776 ι,
695 1707 983 1779 potredrnwrieov)
1000 1688 1165 1765 nummulos
1207 1727 1225 1764 e

141 1799 186 1839 ao.
204 1797 262 1854 quo
278 1797 309 1833 sa
323 1776 459 1834 custodes
474 1777 664 1851 Dumnorigi
697 1780 816 1834 silentio
842 1780 871 1832 in
887 1798 987 1843 manus
1004 1779 1141 1844 injecisse.
1186 1780 1224 1834 ύο

141 1848 278 1921 posuitse
290 1847 403 1912 scribit,
422 1855 471 1916 ut,
491 1855 662 1921 quaeagot,
696 1844 973 1917 rispetsueavionoi,
992 1847 1034 1903 ait
1057 1848 1224 1923 Theopom-

140 1910 315 1992 quibuscum
325 1915 485 1988 loquatur,
506 1918 583 1972 seire
618 1934 661 1972 os·
696 1934 762 1989 pus.
772 1917 836 1983 Non
846 1916 1000 1971 admodum
1015 1915 1156 1972 dissimile
1170 1919 1224 1983 est,

142 1993 196 2041 set.
231 1989 290 2041 Pro
312 1985 426 2068 vulgata
444 1986 571 2038 lectione
592 1935 663 2037 licit
696 1985 986 2056 quoddeL.Veratio
999 1996 1100 2040 narrat
1109 1984 1226 2042 Gellius

141 2053 214 2109 illud
236 2055 390 2109 Ciceronis
421 2053 507 2108 Orat.
531 2071 585 2125 pro
608 2054 659 2105 Cn.
697 2057 736 2113 Ν.
751 2055 786 2112 A·
808 2055 1029 2121 20,1.Bosius.

3 2126 9 2135 '
95 2172 98 2176 s
143 2122 289 2185 Plancio,
309 2138 373 2192 esp.
388 2121 671 2195 25.pariteraGeb·,

80 2261 90 2278 Ι

118 2454 122 2463 ι

142 2191 241 2247 liarilo
254 2187 425 2243 adductum:
453 2189 511 2246 Sin
526 2190 664 2254 emimus,
734 2193 780 2248 Ne
791 2185 976 2314 dfferendo]
987 2193 1032 2251 V.
1048 2189 1112 2246 lnd.
1126 2209 1156 2246 v.
1167 2188 1223 2263 ‹tif-

140 2278 227 2332 quem
260 2256 396 2313 uillicum
429 2260 662 2331 imponeremus,
690 2258 786 2333 serre.
831 2260 967 2313 usonius:

161 2349 228 2385 uem
242 2327 344 2399 pecori
356 2327 598 2399 proficeremus.
612 2327 663 2382 Vi·
735 2329 853 2394 Gratia,
865 2326 1038 2400 quaetarda
1048 2334 1100 2392 est,
1113 2328 1224 2402 ingra-

135 2347 286 2468 deturque
304 2397 403 2467 Nepos
421 2394 579 2470 expreiiiss'e
596 2412 663 2450 ver·
767 2405 800 2452 ta
817 2403 861 2452 est
876 2398 1149 2469 gratia„namque

140 2465 180 2523 bn
204 2463 401 2538 Theopompi:
430 2464 459 2518 tv
475 2473 535 2519 του
555 2465 665 2536 cippati
804 2463 975 2538 Quaefieri
991 2473 1136 2540 properat
1190 2482 1223 2520 a·

141 2539 193 2590 uat
214 2546 275 2589 tots
290 2532 395 2595 ustrou
416 2532 501 2588 tstva
517 2541 551 2586 es
567 2537 666 2600 napus
836 2535 897 2606 tia,
912 2540 1007 2608 grata
1022 2535 1135 2608 magis.
1176 2553 1223 2590 os.

139 2607 254 2658 «abisa
273 2601 409 2673 φύλακα.
435 2603 554 2658 Bosius.
580 2600 662 2656 Leid.

140 2691 179 2726 m.
202 2674 246 2728 eis
260 2667 396 2727 custodes
408 2668 590 2742 inposuerit,
608 2688 663 2743 pro
736 2669 835 2746 Quum
856 2669 987 2743 aliquem
1000 2666 1147 2743 offensum
1154 2670 1223 2743 sor·

140 2743 173 2797 in
186 2744 230 2798 eis
241 2737 385 2813 posuerit.
411 2740 540 2795 Verbum
554 2759 665 2811 ponere
699 2739 861 2799 innubili]
882 2739 1050 2796 Lambinus
1065 2741 1119 2795 hoe
1132 2758 1224 2814 expo·

79 2852 86 2873 ,
140 2810 171 2863 in
190 2811 242 2863 hac
263 2825 295 2861 re
313 2808 467 2882 proprium
485 2809 539 2861 eise
557 2809 664 2863 docent
698 2808 765 2874 nit,
792 2810 840 2863 cui
854 2807 984 2879 fortuna
1001 2817 1077 2865 esset
1095 2810 1219 2882 iniqua,

110 2900 116 2912 ’
139 2877 311 2934 Passeratius
336 2872 372 2928 ad
396 2877 532 2950 Propert.
557 2878 610 2930 lib.
636 2897 662 2932 2·
697 2877 781 2931 irata
790 2912 799 2943 ,
819 2884 907 2949 atque
917 2872 1043 2948 offensa.
1057 2877 1143 2953 Quod
1155 2893 1222 2930 cum

30 2995 32 2999 ,
139 2947 185 3002 ΕΙ.
200 2949 226 3002 5.
248 2964 289 2999 vs.
309 2961 351 3014 sq.
367 2954 396 2996 et
410 2947 540 2999 Brouluh.
560 2945 596 3000 ad
613 2946 662 2999 Ti·
697 2944 766 2998 mihi
778 2945 903 3000 insolens
918 2945 1085 3012 uideretur,
1104 2944 1221 2999 necdu-

57 4078 61 4088 .
136 4040 658 4112 Dan.[Gu.]Leid.B0ecl.etquos
693 4045 760 4097 tetis
787 4042 885 4114 potius
915 4061 1000 4115 quam

139 3013 323 3070 bullantis.
342 3012 421 3067 1:131.
438 3032 461 3068 ι.
477 3033 520 3068 vs.
539 3035 582 3070 21.
696 3012 822 3068 biterem
839 3009 985 3086 offensum
1000 3014 1046 3066 hie
1062 3013 1137 3066 idem
1154 3015 1222 3078 elle,

717 3081 1038 3154 uodobuiamfactum,
1056 3089 1222 3155 repertum,

174 3151 369 3222 Pomosisque
386 3149 474 3208 ruber
489 3161 588 3208 eustos
609 3170 661 3227 po·
696 3099 741 3207 bl.
780 3151 999 3209 Freinshemius
1036 3150 1223 3204 confirmavit

208 3232 293 3275 untur
308 3224 341 3276 in
359 3217 472 3282 hortis,
695 3237 788 3273 meam
797 3231 918 3273 sentent.
934 3219 1142 3290 indubismque
1155 3219 1222 3271 t'ore

226 3291 352 3346 Terreat
367 3287 660 3362 utraeuasuleePri·
696 3287 786 3362 dixit,
809 3289 832 3341 si
855 3289 885 3341 in
906 3291 1005 3363 alique
1024 3285 1125 3341 codiee
1136 3287 1222 3357 forte

275 3376 350 3431 opus
367 3374 445 3411 aues.
688 3356 817 3429 fortuna
838 3357 1001 3428 legeretur,
1020 3355 1100 3428 quod
1116 3365 1145 3408 et
1169 3356 1218 3408 ab·

694 3424 811 3478 sorberi
836 3425 923 3479 facile
971 3426 1080 3479 otaerit
1110 3441 1124 3475 a
1155 3441 1216 3496 seq.

138 3494 217 3549 Nihil
231 3504 326 3546 tamen
339 3503 436 3557 muto,
453 3512 517 3547 eum
531 3495 608 3547 Vols.
622 3494 657 3548 A.
693 3493 850 3546 vocabulo.
870 3444 1042 3552 Boeclerus.
1067 3492 1220 3560 [Fortuna

138 3563 172 3615 B.
189 3563 222 3617 C·
239 3567 249 3620 l
256 3564 330 3620 Gn]
346 3563 379 3616 in
389 3562 432 3616 eis
441 3560 594 3616 custodem
603 3563 658 3616 im·
694 3556 825 3632 offensus
833 3562 868 3614 eii
873 3582 956 3627 ,casu
967 3562 1083 3628 obvius,
1091 3561 1219 3613 fortuitu

138 3632 271 3704 posuerit
289 3630 454 3683 exhibeant.
473 3649 500 3686 v.
522 3633 604 3684 Cart.
623 3629 659 3681 ad
694 3630 826 3697 oblatus,
845 3633 922 3685 uara
934 3632 1044 3695 τύχην,
1062 3640 1094 3682 ut
1110 3629 1217 3681 Graeci

139 3700 251 3754 Sallust.
270 3698 302 3750 li.
320 3699 384 3771 lug.
404 3718 460 3752 uxr.
482 3720 504 3752 x.
522 3701 598 3757 [Ult.
615 3699 659 3753 eis
694 3716 793 3770 saepe.
816 3700 877 3753 Cio.
901 3700 985 3753 Offie.
1005 3715 1030 3761 2,
1050 3699 1090 3751 13.
1115 3694 1218 3768 aliquo

138 3773 212 3823 eust.
234 3768 418 3838 imposuerit,
438 3769 493 3822 line
510 3768 558 3831 in,
579 3765 658 3839 quod
693 3788 767 3824 casu
783 3775 871 3839 atque
879 3767 1019 3839 fortuna.
1035 3765 1115 3818 Lael.
1132 3782 1158 3818 e.
1177 3784 1217 3831 ¹7·

138 3836 223 3889 etium
237 3835 392 3888 Lambinus
408 3833 530 3902 omisit]
693 3840 720 3893 si
745 3854 803 3909 qua
819 3835 948 3907 fortuna
974 3833 1129 3890 acciderit.
1153 3834 1217 3886 Non

174 3902 289 3980 Quibus
308 3905 429 3974 quisque
447 3905 550 3964 uellet]
570 3903 656 3956 usui.
694 3919 772 3968 erat,
793 3904 872 3978 qiiod
896 3903 1113 3959 Freinshemius
1133 3899 1219 3972 forte

137 3977 177 4029 tui
199 3975 234 4027 τὸ
261 3973 381 4044 quisque
400 3975 573 4027 auctoritate
595 3974 656 4026 Mu.
685 3972 815 4046 ¹fortuna
825 3974 1001 4039 conjiceret,
1021 3969 1100 4097 quoq
1116 3969 1152 4091 dp
1165 3989 1216 4091 (ἦρ.

1044 4058 1060 4093 e
1098 4058 1175 4094 orus
1193 4054 1217 4092 m

140 4111 284 4168 Soliottus
298 4110 434 4181 inspexit,
452 4110 493 4161 nil
506 4111 657 4162 enimeou·
693 4113 799 4165 ensibus
816 4111 982 4182 quibusque
999 4109 1117 4165 dieitur.
1136 4109 1217 4161 Haeo

134 4179 289 4243 inevideo,
303 4196 355 4232 cur
367 4177 451 4243 rejici
460 4176 575 4230 debeat.
584 4178 656 4233 Bos.
694 4181 919 4253 Heusingerus,
939 4179 1020 4244 cuius
1041 4180 1216 4248 interprete.

134 4252 176 4305 ltu
192 4261 220 4304 et
233 4245 315 4301 Leid.
331 4264 367 4300 m.
385 4256 414 4298 et
427 4246 505 4302 vsu.
521 4247 556 4299 Α.
571 4249 605 4303 B.
622 4248 655 4302 C.
693 4251 803 4302 tionem
824 4266 878 4301 nos
901 4266 1018 4321 quoque
1042 4246 1215 4321 probamus.

137 4317 207 4379 [sed
222 4318 278 4374 Ult.
299 4317 420 4387 quisque
435 4314 540 4375 obsit]
670 4316 796 4398 ¹ltueguri
823 4327 919 4370 tamen
942 4335 1001 4369 non
1025 4315 1134 4390 potest,
1165 4312 1216 4364 du.

77 4421 80 4425 -
172 4386 298 4456 Semper
313 4403 380 4439 eum
395 4381 564 4457 pedisequi]
587 4381 658 4437 Plu·
692 4405 753 4441 rius
764 4385 866 4438 hnecn
883 4387 1022 4439 Cornelio
1040 4395 1126 4455 etque
1142 4381 1216 4433 insa.

138 4457 261 4511 tarclius
277 4472 306 4525 p.
330 4453 391 4521 484.
408 4462 494 4506 vocet
509 4453 658 4506 νεανίσκω
692 4456 787 4508 lenter
800 4454 877 4507 dieta
892 4449 977 4521 effe]
997 4456 1056 4507 Pro
1070 4449 1216 4535 aliquem,

41 4573 46 4583 ,
137 4521 656 4604 amrjtsisqaitque,eostuliirepeeu·
692 4523 715 4575 si
733 4521 849 4576 codices
866 4522 1052 4588 addicerent,
1070 4520 1127 4592 legi
1144 4537 1215 4589 pos.

137 4608 383 4673 nunmcopuosaps,
400 4588 656 4660 adstitiffequeele.
692 4601 735 4645 set
749 4609 867 4656 senem,
895 4592 942 4643 vel
957 4607 1046 4662 quum
1062 4607 1164 4645 senem
1183 4605 1215 4641 a.

139 4660 323 4733 gentiorxbus
344 4675 465 4733 inopum
486 4658 571 4723 (tots
585 4673 653 4721 ηομ.
689 4657 800 4734 liquem
813 4659 956 4732 fortuna.
985 4657 1061 4716 Vile
1081 4669 1158 4724 plut,
1184 4667 1214 4722 i„
