2624 5176
126 805 129 812 ·
180 811 233 862 ,ss
399 791 701 856 conanum
742 763 1020 850 uneouls

130 1022 138 1043 ⁴
176 1003 250 1068 uice
285 999 440 1082 negarit,
489 1016 525 1061 se
565 1013 748 1080 passuram,
798 995 955 1058 Miltiadis
989 992 1183 1080 progeniem
1217 992 1250 1052 iu

175 1107 313 1169 vinculis
343 1104 482 1189 publicis
519 1100 675 1172 interire,
732 1100 883 1183 quoniam
917 1100 1094 1187 prohibere
1129 1111 1254 1183 posset,

144 1263 149 1270 .
177 1189 278 1295 seque
301 1210 419 1274 Calliae
439 1221 621 1295 nupturam,
664 1204 692 1270 si
713 1225 761 1280 es,
803 1225 885 1293 quae
904 1207 1140 1296 polliceretur,
1163 1223 1255 1288 prae·

175 1317 322 1382 misisset.

173 1546 301 1620 Proprie
315 1546 515 1617 ateleganter:
535 1557 601 1595 nsm
611 1558 696 1596 voca·
732 1542 761 1598 si
777 1538 869 1615 bajus
884 1540 1024 1598 vindieiis
1038 1542 1171 1606 cesserit,
1188 1559 1257 1596 eon·

173 1615 275 1670 bulum
288 1614 418 1685 nuptiale
433 1609 578 1676 conditio,
594 1609 697 1685 dequo
732 1607 975 1675 ditionemfiliae
990 1609 1197 1683 quaerendam
1214 1627 1256 1665 es·

173 1682 263 1737 multa
282 1681 360 1736 docti
387 1680 471 1745 viri,
510 1689 539 1732 et
563 1678 697 1751 inprimis
732 1697 773 1734 se.
805 1679 929 1735 Consule
974 1689 1073 1734 raeter
1091 1680 1167 1734 alios
1193 1680 1255 1733 Cel.

172 1751 246 1805 leti.
283 1749 363 1803 lnira
380 1749 496 1804 Attico:
515 1747 588 1803 Cam
609 1764 697 1818 prop·
732 1749 889 1803 Burmann.
923 1698 971 1804 ml¹
986 1747 1179 1872 quinctiliani
1209 1744 1256 1798 de-

173 1827 219 1874 ter
238 1835 326 1873 suam
345 1817 484 1892 graiium
506 1822 534 1872 et
558 1815 698 1870 Caesaris
733 1815 816 1868 clam.
843 1817 901 1880 257.
922 1815 978 1885 [v.
1014 1813 1173 1879 adicem]
1196 1816 1257 1868 Pro

172 1887 339 1962 potentiam
376 1883 491 1942 nullius
519 1880 697 1936 conditionis
734 1891 947 1956 aspernaretur
972 1883 1055 1940 Laid.
1082 1886 1123 1938 Μ.
1148 1884 1256 1956 Asper·

174 1974 236 2010 noa
259 1955 382 2011 baberet
402 1959 590 2027 potestatem.
618 1950 696 2023 apu-
732 1960 832 2007 natur.
869 1956 946 2007 Vols.
971 1955 1004 2008 0.
1024 1953 1243 2027 Aspernarent.

173 2022 251 2091 lejus'
271 2022 426 2096 Apologia.
476 2020 575 2094 (luam
596 2015 696 2071 eondi-
769 2018 922 2093 Quoniam
937 2020 1056 2094 prohib.
1074 2028 1190 2093 posset,
1214 2037 1258 2076 se·

172 2091 283 2146 tionem
306 2108 372 2145 cum
393 2088 543 2144 obstinate
561 2088 696 2159 proposi·
732 2104 787 2160 que
804 2087 880 2143 Call.
897 2088 1003 2163 nupt]
1022 2089 1072 2146 Sic
1087 2091 1143 2142 Ma.
1155 2087 1255 2142 Boecl.

174 2167 238 2215 taur
271 2157 383 2223 uideret
416 2155 525 2212 mulier
564 2154 694 2232 sapiens.
733 2154 848 2210 etaditi
872 2158 1066 2229 antiquiores.
1098 2157 1255 2209 Lambinus

172 2225 249 2282 lbid.
268 2228 316 2281 siu
333 2225 407 2281 baec
421 2231 565 2296 reputans
574 2223 699 2292 formae
733 2234 761 2276 et
774 2224 902 2296 vulgati:
921 2228 1120 2299 quoniamque
1141 2223 1258 2290 prohib.

173 2302 203 2351 et
219 2292 393 2351 diuitiarum
414 2295 519 2367 gratia
543 2309 591 2348 me
606 2288 647 2344 ad
664 2306 697 2343 a·
732 2298 850 2366 posset,
869 2311 900 2350 se
924 2293 1043 2350 Calliae
1065 2300 1150 2364 nupt.
1186 2293 1256 2373 Qui-

174 2360 250 2419 liam
280 2360 479 2417 conditionem
502 2375 696 2416 reservarem.
734 2359 798 2413 dam
808 2361 948 2415 bambino
963 2361 1068 2416 laudati
1081 2380 1087 2413 :
1101 2362 1258 2433 quoniam·

173 2430 272 2484 Justin.
289 2431 306 2484 1.
325 2447 365 2483 u.
388 2447 453 2502 cap.
468 2448 495 2495 7.
532 2429 609 2484 Tam
632 2424 698 2499 pul·
751 2448 788 2483 ue
821 2430 989 2493 rebiberet,
1007 2447 1039 2484 se
1056 2429 1086 2485 0.
1106 2450 1136 2484 n.
1147 2429 1256 2484 Belius.

92 2532 98 2547 .
175 2497 250 2554 ebra
270 2496 401 2552 conditio
419 2500 519 2570 prima
536 2493 698 2619 νιῇηἰῖιίἰ-
732 2446 782 2553 lei
806 2500 909 2552 .Vo[l.
928 2497 962 2551 Α.
982 2499 1016 2550 Β.
1036 2497 1068 2552 C.
1090 2497 1258 2560 [Gu.Ult.]

175 2567 251 2621 citus
267 2564 430 2623 uidebatur.
452 2566 570 2620 Gebhar
593 2603 599 2616 .
622 2566 696 2621 Con·
732 2567 876 2639 quoniam
894 2564 1054 2640 probibere
1069 2573 1187 2637 posset,
1214 2584 1258 2620 se·

175 2632 517 2693 ditiosleumtrimonio.
546 2632 647 2686 Livius
663 2634 695 2685 1..
751 2654 787 2690 ue
811 2632 928 2690 Calliae
951 2653 991 2688 nu
1014 2642 1125 2687 tiaram.
1155 2633 1213 2688 Sed
1230 2635 1259 2686 in

174 2703 202 2761 3.
220 2721 245 2755 a.
261 2705 305 2772 45.
326 2699 695 2767 Hocaaneumscimsttt,
761 2703 810 2757 aff.
840 2704 872 2759 C.
892 2721 948 2778 pro
970 2654 1106 2768 Clilliae,
1129 2699 1258 2759 Callias.

190 2951 1256 2979 W

611 3177 733 3242 CAP.
774 3183 820 3243 ll.

138 3389 151 3429 ι
256 3360 327 3419 Tali
370 3357 467 3419 modo
506 3357 651 3420 custodia
686 3357 841 3422 liberatus
879 3359 992 3419 Cimon
1029 3350 1184 3421 celeriter
1219 3361 1259 3423 ad

174 3462 390 3548 principatum
424 3463 603 3545 pervenit«
635 3465 780 3529 Habebat
819 3464 905 3528 enim
934 3466 1011 3527 satis
1039 3467 1257 3549 eloquentiae,

211 3640 355 3699 Celeriter
369 3642 411 3698 ael
422 3643 626 3716 principatum
634 3664 698 3717 per·
733 3664 838 3708 mone,
858 3646 996 3717 pag.180.
1016 3657 1165 3700 erectorem
1181 3647 1258 3700 lecu-

174 3707 274 3776 uenit]
298 3712 459 3765 Provectus
476 3728 492 3764 a
508 3713 636 3785 populo,
658 3713 698 3764 sa·
734 3724 778 3766 tus
800 3714 1032 3769 Stesioabrotum
1047 3714 1164 3776 scribit,
1194 3733 1260 3767 rum

174 3776 257 3830 tttdio
280 3777 497 3845 Tbennlioalis3
523 3790 551 3832 et
568 3781 697 3852 praefer·
734 3783 827 3836 omnis
842 3782 973 3836 liberalis
992 3781 1143 3836 doctrinae
1158 3800 1261 3855 exper-

175 3844 225 3903 tim
234 3844 270 3896 ab
282 3845 415 3910 Aristide,
426 3857 458 3899 ut
469 3847 598 3907 baberet,
612 3866 699 3920 quem
733 3859 790 3902 tem
813 3850 921 3914 suilla,
945 3860 974 3902 et
998 3849 1117 3903 solertis
1141 3849 1259 3904 dicendi

174 3911 372 3966 Themistoclis
387 3914 505 3984 ingenio
522 3915 698 3970 etamlaciae
733 3928 819 3990 atque
835 3917 1000 3970 urbanitate
1014 3918 1109 3971 Attica
1126 3919 1258 3972 caruisse.

174 3978 330 4044 objiceret.
348 3981 411 4033 l’olt
425 3983 511 4036 etiam
527 4001 542 4034 a
557 3983 697 4037 Lacedae·
734 3985 912 4042 Lambinus.
923 3986 1082 4057 Lougolius
1093 4004 1127 4040 aa
1137 4003 1174 4039 eo
1185 4005 1259 4057 quo.

173 4047 280 4101 moniis
298 4046 426 4112 einardum
451 4050 650 4105 Themistoclis
667 4070 698 4104 ο-
732 4070 790 4127 que
814 4054 1009 4125 eloquentiam
1028 4054 1158 4108 Cimonis
1176 4054 1264 4111 rolli,

174 4112 235 4168 dio.
272 4133 301 4167 v.
321 4113 480 4173 Plutarch.
507 4119 568 4186 481,
591 4129 620 4172 et
634 4120 696 4190 488.
733 4121 836 4194 gebat,
857 4118 966 4192 quoda
983 4119 1072 4175 Suida
1090 4120 1259 4175 dieiturlrr-

172 4182 295 4238 Rosius.
732 4188 918 4243 ποσκοπικὸν
939 4189 1066 4256 βιβλίον
1082 4189 1262 4253 θαυμάσιον

208 4249 322 4308 Habeb.
342 4269 389 4306 en.
405 4253 482 4307 satis
492 4249 697 4335 eloquentiae]
732 4257 788 4311 scri
813 4256 878 4309 affe.
906 4255 964 4312 Sed
979 4267 1059 4312 reate
1076 4257 1260 4312 animadver-

173 4319 268 4374 Etiam
289 4318 381 4376 Plato
398 4319 430 4374 in
444 4319 568 4394 Tbeage
581 4322 696 4376 Cimoni
715 4324 767 4403 ,tit
824 4325 928 4397 agius,
955 4343 1013 4380 non
1039 4323 1168 4380 dabuille
1191 4327 1261 4379 bine

173 4387 371 4460 eloquentiam
393 4388 509 4442 tribuit.
547 4406 610 4442 nam
628 4389 698 4443 iacit
733 4392 844 4467 colligi,
862 4391 964 4456 docte,
983 4395 1148 4463 eleganter,
1169 4405 1199 4447 et
1211 4412 1260 4448 or·

173 4470 237 4507 eum
263 4455 356 4511 virum
379 4456 550 4528 politicum,
583 4467 611 4511 et
633 4473 697 4512 eum
731 4460 1260 4544 natescriptumiuiffe·potuillee-

171 4521 286 4576 Pericle
303 4534 469 4596 comparat:
489 4521 577 4596 idque
596 4541 697 4597 agnos·
731 4527 791 4582 nim
809 4527 1012 4584 admirabilem
1022 4500 1117 4584 vitleri
1133 4541 1262 4602 propter

174 4587 213 4641 eit
247 4589 395 4659 Aristides
424 4591 570 4665 Sopbirta
595 4593 627 4648 in
653 4591 698 4648 (Γί-
752 4596 870 4652 raefidia
895 4608 997 4651 eontra
1019 4615 1161 4671 equorum
1181 4617 1261 4653 mor·

103 4679 106 4687 ¹
173 4673 270 4714 arone.
307 4659 366 4717 Sed
384 4658 568 4720 Plutarcbut
592 4661 627 4720 in
652 4660 696 4720 u·-
730 4613 786 4722 los
814 4675 1025 4743 praesentanea
1053 4665 1259 4744 tutiffimsque,
