2624 5176
129 730 216 817 xavr
433 741 909 868 PRAEFAJMO.

133 885 1204 915 ...m—*b*

128 978 231 1078 quod
244 1000 342 1057 anno
356 999 456 1046 nono
470 991 507 1044 et
525 973 756 1072 nonagesimo
779 973 899 1073 quinti
921 974 1054 1046 decimi
1073 974 1213 1048 saeculi

82 1184 88 1196 .
125 1102 270 1177 Brixiae
292 1125 378 1172 curn
400 1098 483 1170 ritis
502 1097 688 1170 Plutarchi
706 1098 847 1198 prodiit
867 1098 989 1171 forma
1013 1103 1180 1176 maxirna.

86 1216 100 1240 Ὗ
159 1268 162 1281 =
224 1230 445 1323 Fragmenta
469 1239 677 1294 ceterorum
699 1241 1023 1296 monumentorum
1051 1224 1216 1298 Cornelii

159 1412 380 1472 Auutciodami
389 1450 398 1480 ,
418 1415 463 1469 uti
471 1410 541 1488 jam
558 1412 627 1469 dixi
635 1447 645 1480 ,
667 1429 827 1478 excusum,
843 1411 931 1469 edere
947 1408 1139 1472 debuissent:
1156 1414 1213 1471 mi-

160 1486 194 1542 lii
211 1494 312 1540 tarrsen
328 1483 363 1538 id
376 1485 461 1556 prius
478 1483 669 1556 significare.

125 1556 178 1632 94)
199 1554 306 1608 Christ.
343 1551 555 1608 lleidmanuus
586 1553 676 1605 vitam
706 1549 796 1603 Attici
830 1551 979 1605 enarravit
1003 1551 1034 1604 in
1056 1549 1214 1605 Academia

161 1621 312 1676 liehnllad.
328 1632 357 1673 et
376 1625 531 1694 separatim
547 1619 638 1675 edidit
655 1617 807 1672 llclrultad.
827 1621 902 1675 1013.
920 1616 948 1673 8.
977 1622 1073 1693 plagg.
1095 1637 1121 1673 a.
1148 1635 1216 1673 cum
1258 1679 1260 1686 Ι

182 1690 404 1745 reesatiuncula.
430 1690 609 1744 Plrilibertus
638 1687 673 1740 da
697 1687 724 1739 la
742 1689 840 1751 Marc,
870 1690 995 1742 Senator
1014 1686 1214 1752 Divioneusis,

160 1779 190 1817 ru
207 1759 326 1881 epppiula
342 1756 455 1881 adollgc.
474 1759 615 1882 lleippllurp
635 1757 686 1820 (in
706 1755 824 1828 Sylloge
832 1758 1032 1880 Ippiltolrpirupp
1055 1758 1219 1879 lti'urpuplun.¹
1240 1777 1243 1783 ·

159 1838 359 1953 iimiuirl’ii‘
374 1830 1003 1977 s..·.'.;¹.¹¹.1.1.t¹‚³tt⁰.,lt⁹lllu.5llll.t‚
1028 1843 1128 1968 litt.
1142 1841 1215 1946 uta

156 1967 257 2041 ponit:
286 1963 403 2018 Aretias
428 1961 656 2035 Praefatiouem
678 1981 710 2018 m
729 1960 902 2016 Cornelium
927 1965 1088 2035 Nepotem,
1123 1969 1154 2015 et
1172 1962 1213 2016 vi·

159 2043 224 2090 tam
238 2032 339 2088 Attici.
359 2031 486 2085 Fischer.
524 2032 703 2104 Schlcgclius
725 2030 754 2079 in
776 2030 917 2083 Ohl'ervv.
940 2033 968 2084 in
985 2033 1075 2085 Corn.
1091 2030 1167 2102 Nep.
1187 2048 1213 2084 c.

157 2103 196 2157 V.
215 2122 245 2175 p.
254 2099 296 2155 28.
314 2116 395 2170 seqq.
416 2099 544 2153 recenset
564 2114 690 2172 quatuor
706 2096 838 2169 anitiquas
856 2096 1022 2164 editiones,
1041 2099 1148 2173 quihus
1165 2097 1217 2152 ad-

157 2169 261 2224 haeret
285 2168 352 2223 Vsta
369 2168 476 2231 Attici,
496 2185 511 2220 c
527 2169 602 2222 bibl.
622 2166 799 2227 Thoumna,
818 2184 848 2219 n.
867 2178 968 2231 unam,
989 2185 1063 2220 (trae
1082 2167 1217 2221 continet

144 2237 313 2292 'Ciceronis
329 2252 397 2308 epp.
415 2234 450 2289 ad
472 2236 615 2295 arricum,
640 2238 763 2289 Brutum
782 2245 810 2286 et
832 2236 968 2308 Quintum
986 2187 1123 2302 durem,
1156 2240 1215 2291 Vc.

159 2317 219 2359 net.
237 2323 291 2378 per
305 2302 367 2358 Nic.
384 2305 501 2359 lenton.
522 2308 598 2372 1470.
615 2302 668 2357 sol.
686 2314 715 2356 et
730 2312 790 2355 tres
807 2304 879 2358 alias
897 2305 925 2355 in
943 2306 995 2374 fol..
1013 2321 1088 2377 quae
1105 2304 1217 2359 hahent

159 2375 233 2428 vitas
248 2374 394 2427 clarorum
416 2372 548 2426 virorum
567 2389 583 2425 e
601 2372 756 2427 Plutarcho
778 2371 806 2424 in
823 2372 945 2426 latinum
963 2388 1127 2426 sermonem
1144 2389 1217 2426 con·

156 2423 273 2510 horsus,
293 2456 414 2514 quarum
431 2441 525 2512 prima
542 2451 570 2493 et
588 2440 731 2506 secunda,
751 2441 828 2492 orani
844 2438 954 2493 indicio
967 2439 1153 2514 typographi,
1170 2441 1219 2495 lo.

159 2510 204 2576 ei,
221 2509 348 2582 annique
366 2506 533 2572 destitutae,
549 2508 714 2582 Schlegelio
733 2505 871 2563 videntur
893 2509 963 2564 circ.
984 2527 1051 2562 aaa.
1073 2518 1148 2578 rtur.
1167 2526 1219 2563 ex-

181 2578 269 2632 rctlac
285 2577 360 2650 typis
375 2579 429 2631 else
437 2595 446 2647 3
464 2577 580 2649 insuper
595 2574 720 2630 acetruda
732 2574 823 2630 editio
840 2578 986 2649 posterior
1000 2579 1116 2650 prima,
1135 2576 1220 2634 etad

158 2594 244 2712 iiuius
267 2645 427 2716 exemplum
449 2653 558 2705 excute.
595 2647 696 2698 Tertia
723 2643 792 2698 edit.
822 2651 925 2702 sanct.
945 2646 1058 2720 prodiit
1076 2663 1123 2720 ep.
1145 2646 1216 2705 Nie,

157 2714 274 2773 toulon.
287 2716 361 2782 1478.
383 2712 563 2787 Schlegelius
576 2730 606 2796 p.
620 2721 664 2777 tr.
676 2731 757 2788 seqq.
773 2713 916 2768 lectiones
931 2714 1138 2786 antiquilllnrac
1154 2712 1220 2768 edi.

159 2784 248 2837 tionis
265 2783 301 2835 ab
315 2784 395 2838 lectt.
420 2783 448 2835 in
465 2778 533 2840 edit.
557 2783 722 2837 Frictione.
741 2783 815 2853 1759.
829 2783 957 2855 receptis
968 2781 1114 2846 diverses,
1132 2791 1219 2836 nota.

158 2851 211 2905 vit.
230 2847 350 2913 Harles.
375 2851 532 2973 Utranupue
551 2847 629 2904 illam
647 2852 807 2905 editionem
822 2851 883 2905 sinc
899 2853 982 2912 anni,
1011 2851 1069 2903 loci
1087 2858 1116 2904 et
1130 2861 1219 2974 :ppo-

146 2919 545 2995 ,graplrinotasmtegetus
585 2920 687 2973 risuum
712 2921 783 2972 cire.
802 2933 828 2973 a.
855 2921 928 2985 rste.
950 2919 1108 2993 impressam
1144 2920 1219 2975 usse

159 2997 323 3062 putaverat.
360 2986 419 3042 Sed
435 2987 494 3058 ipse
515 2990 544 3041 in
561 2938 707 3043 iddendis
719 2985 754 3040 ad
771 3002 890 3060 pag-59.
911 2982 1139 3050 Collectionem,
1170 2989 1218 3041 ln.

160 3057 239 3128 quit,
255 3052 418 3111 seeundum
440 3057 575 3112 Vitarum
585 3052 747 3112 Plutarchi
762 3055 943 3112 anteriorem
958 3074 1021 3112 csse
1035 3054 1152 3111 credidi
1160 3063 1216 3111 a'n·

160 3142 200 3177 no
218 3126 291 3190 ¹47⁰·
326 3123 387 3179 Sed
405 3123 570 3180 observavit
590 3122 783 3181 Abrahamus
805 3121 894 3202 Kutt,
922 3124 1062 3200 Linguae
1080 3125 1219 3183 Graecae

160 3193 193 3246 iu
212 3201 317 3246 nostra
333 3191 498 3248 Academia
514 3190 688 3265 Professor,
708 3189 795 3248 aliud
813 3187 948 3267 ejusdem
966 3192 1153 3248 collectionis
1162 3209 1217 3248 ex-

160 3260 278 3331 empiar
293 3260 441 3327 euoluens,
464 3264 594 3318 inueniri
612 3265 645 3318 in
663 3282 699 3319 ea
715 3259 874 3335 epistolam
891 3260 1113 3318 dedicatoriam
1130 3260 1217 3335 Lupi

161 3327 326 3383 florentini
347 3326 388 3384 aci
403 3329 587 3394 Pontificem
606 3333 784 3387 Maximum
804 3330 927 3385 nomine
944 3349 1003 3385 uon
1022 3327 1216 3387 distinctum.

160 3395 223 3451 Sed
242 3396 357 3451 indicia
372 3400 447 3454 sotis
465 3409 571 3472 aperta
586 3400 767 3474 persuadent
778 3434 786 3464 ,
805 3397 1040 3471 intelligendum
1060 3417 1123 3454 esse
1142 3396 1218 3454 Six-

159 3472 222 3519 tum
234 3466 284 3519 te'.
318 3465 416 3540 Quum
431 3486 497 3523 uero
510 3469 537 3524 is
550 3467 661 3525 eiectus
668 3466 766 3539 fuerit
779 3465 808 3520 d.
826 3486 852 3538 ι),
879 3466 1009 3541 Augusti
1027 3471 1220 3534 a.147r.cer·

158 3537 219 3589 tior
233 3531 304 3588 inde
320 3531 457 3591 redditus
473 3554 557 3600 suar,
585 3537 664 3591 hanc
678 3536 840 3592 editionem
857 3538 959 3590 miuus
978 3555 1042 3592 erse
1055 3543 1218 3601 uetustam,

158 3620 246 3676 quam
264 3601 463 3658 credideram.
497 3607 575 3657 llacc
597 3606 777 3679 Selrlegelius
800 3605 819 3656 l.
834 3623 859 3658 c.
881 3605 962 3667 estius
978 3605 1217 3660 observationem

137 3673 195 3729 ,ub
210 3671 344 3725 llarlasio
360 3674 520 3746 neglectam
534 3673 588 3727 effe
603 3672 706 3728 miror.
739 3676 832 3749 Quum
849 3684 941 3727 autem
958 3689 1016 3725 non
1034 3671 1220 3740 dubitarem,

157 3740 229 3812 quin
246 3739 426 3811 Schlegelius
450 3743 536 3794 etiam
558 3741 589 3795 iu
604 3742 725 3794 alterius
740 3740 862 3812 erernpli
877 3748 971 3795 aetate
985 3736 1148 3794 delinienda
1167 3743 1217 3794 ni-

155 3808 245 3860 mium
260 3824 290 3860 se
306 3809 458 3862 liberalem
480 3809 672 3885 praestiterit,
691 3810 844 3882 virumque
859 3808 1140 3882 praelientilllmum,
1163 3809 1217 3864 Jo.

141 3877 274 3947 'lolshum
290 3880 313 3931 V
318 3895 353 3931 en
372 3879 471 3937 Praet,
492 3893 525 3930 ea
539 3875 575 3932 de
591 3895 624 3931 re
641 3878 854 3942 consuluissent,
875 3877 1068 3962 suspicionem
1086 3894 1181 3930 urcem
1196 3896 1217 3935 a

156 3946 242 4007 viro,
268 3945 297 3998 in
323 3945 367 3999 bis
384 3945 600 4015 quaestionibus
623 3943 816 4012 dijudicandis
835 3945 1079 4011 exercitatissimo,
1105 3946 1216 4001 contir-

156 4016 230 4066 muri
247 4014 431 4066 vehementer
452 4014 574 4067 laetatus
593 4030 664 4071 stim.
701 4016 754 4068 llic
780 4015 857 4066 enim
881 4032 925 4069 me
951 4010 1087 4076 edocuit,
1115 4030 1216 4071 erem·

156 4081 237 4153 plum
254 4079 341 4143 illud,
364 4076 443 4154 quod
464 4081 542 4134 circa
561 4098 587 4135 a.
613 4088 688 4150 1462.
703 4083 833 4137 excusum
858 4084 939 4138 scrisse
957 4081 1137 4155 Schlcgelius
1151 4082 1214 4138 sihi

179 4150 354 4213 ersuaserat,
373 4148 448 4201 nilril
466 4147 546 4202 aliud
566 4151 638 4217 else,
664 4153 720 4207 nisi
744 4148 898 4205 secundum
918 4152 1054 4206 volumen
1068 4147 1213 4207 editionis

156 4166 293 4272 isius-um
309 4216 475 4282 Plutarchi,
495 4219 573 4273 elo.
590 4219 659 4274 Ant.
674 4222 823 4295 Campano
836 4229 965 4283 curatae,
987 4230 1016 4272 et
1030 4219 1138 4273 llomae
1148 4219 1216 4274 sine

157 4287 225 4339 asini
240 4283 366 4349 indicio,
399 4282 449 4338 scd
472 4285 550 4340 circa
572 4304 599 4341 a.
620 4294 693 4359 ¹47⁰·
719 4290 793 4364 typis
809 4285 934 4342 Udalriei
949 4287 1026 4340 Galli
1042 4286 1144 4351 (llan)
1164 4305 1214 4342 er-

86 4418 90 4425 ·
157 4353 250 4407 cusae.
285 4348 1013 4431 vicepraesul.r.t0m.11.p.4rt.num.2s.
1048 4355 1127 4409 Haec
1150 4354 1213 4410 edi-

156 4422 200 4475 tiu
221 4420 284 4475 siue
309 4421 395 4490 anpi,
420 4421 477 4474 loci
498 4435 526 4476 et
544 4428 717 4499 typographi
738 4436 826 4490 nota,
845 4441 961 4481 verum.
987 4433 1018 4476 ut
1036 4424 1094 4476 viri
1117 4418 1214 4490 docti,

157 4487 265 4561 quihus
289 4490 420 4544 Praetius
446 4491 612 4557 assentitur,
640 4495 814 4559 existimant,
850 4491 1035 4565 Argentoreti
1063 4492 1215 4547 aJoanne

156 4557 298 4616 Mentelio
326 4558 450 4630 repetita
476 4558 523 4614 cll.
560 4565 596 4616 V.
621 4565 742 4616 Panzer.
763 4563 798 4618 A.
817 4562 852 4614 T.
868 4569 938 4615 tom.
953 4562 976 4615 l.
998 4576 1083 4631 p-77.
1100 4578 1129 4613 n.
1147 4564 1212 4627 4¹9·

156 4624 251 4697 Atque
266 4624 521 4706 tranquilliorem
540 4627 663 4687 candem
683 4631 756 4699 else,
782 4645 869 4706 quarn
885 4628 1065 4704 Schlegclius
1086 4626 1214 4683 secunde
