2624 5176
201 739 262 846 aa
425 781 724 850 corucem
771 780 1039 845 ucrorts

202 981 274 1043 suit.
335 985 412 1043 Nam
441 994 473 1042 et
497 996 628 1064 praetor
654 979 858 1064 pedestribus
887 982 1082 1045 exercitibus
1117 980 1260 1065 praefuit,

202 1099 236 1148 et
264 1086 446 1169 praefectus
467 1086 579 1147 classis
606 1107 660 1149 res
688 1107 815 1170 magnas
843 1088 922 1147 mari
951 1087 1063 1170 gessit.
1105 1085 1194 1182 Quae
1227 1083 1260 1144 oh

207 1212 332 1254 caussas
361 1192 553 1275 praecipuus
580 1191 611 1252 ei
637 1190 741 1252 honos
769 1189 895 1254 habitus
923 1206 983 1254 est.
1040 1196 1184 1275 Namque
1204 1210 1260 1250 om·

205 1299 298 1358 nibus
334 1318 415 1384 unu-o
451 1296 564 1358 insulis
599 1298 750 1384 praefuit.
805 1299 842 1361 Ia
877 1318 937 1381 qua
962 1309 1122 1382 potestate
1151 1294 1260 1358 Pheret

205 1531 336 1597 magni,
364 1538 489 1599 magna.
524 1525 601 1578 votr.
623 1524 657 1579 Α.
683 1526 716 1580 ἰη
748 1526 784 1579 Β.
803 1529 833 1581 et
854 1542 1050 1600 resmagnas
1070 1524 1154 1581 mori
1168 1522 1258 1600 gessit

205 1593 369 1718 arr
487 1593 719 1717 renarint
751 1595 784 1646 ¹¹·
906 1592 1260 1717 eruum

198 1685 285 1805 [dign
299 1679 476 1806 iabitugbleilaua
498 1681 586 1783 ddino
603 1681 717 1783 delebili
751 1679 783 1785 ii.
799 1678 866 1802 ἕρ.
879 1682 1146 1786 ,Ιιαέορζόῗὴᾶοηᾶιι
1161 1699 1262 1803 heperi·

147 1861 152 1867 .
205 1803 296 1875 pollet
313 1802 379 1855 loco
400 1797 593 1855 Themistoclis
614 1815 677 1871 cap.
692 1802 717 1853 6.
752 1810 849 1852 untur.
883 1793 959 1869 [Gu.
992 1808 1021 1855 et
1045 1796 1142 1873 praef.
1166 1795 1263 1852 classis

208 1875 345 1927 Mamas
360 1869 415 1923 hoc
432 1864 578 1936 bettofuit
600 1865 718 1921 Themi·
752 1886 804 1922 ma
829 1883 886 1921 nos
901 1885 940 1921 m.
961 1885 993 1941 g.
1008 1878 1040 1922 ut
1056 1860 1155 1936 Dan]

206 1908 328 2004 recedes,
348 1956 440 2010 neque
461 1936 561 1991 minor
583 1935 615 1988 in
636 1953 718 2007 pace.
817 1951 922 2006 amque
937 1935 1075 1991 omnibus
1091 1952 1170 1990 unus
1189 1935 1265 1989 inm·

204 2019 265 2062 tum
298 2025 369 2080 opus
392 2004 505 2076 saepius
529 2004 557 2054 in
580 2003 719 2056 liddeum
753 2001 792 2058 tis
810 1998 959 2076 praefuit]
994 2006 1057 2059 Hoc
1078 2020 1175 2077 neque
1195 2021 1209 2054 a
1232 1998 1266 2052 ud

206 2094 296 2147 opera
314 2073 460 2128 confusum
475 2076 589 2123 notaret
605 2070 650 2122 hic
662 2068 720 2126 bel·
755 2072 999 2144 Xenophontem,
1009 2089 1046 2125 ne
1068 2089 1104 2125 ue
1114 2066 1193 2146 apud
1231 2071 1269 2125 io·

206 2143 275 2200 laem.
313 2140 388 2197 Vide
410 2143 566 2194 Burmann.
595 2137 631 2191 ad
651 2139 718 2193 0ri-
752 2139 869 2203 doram,
887 2089 1172 2214 nequeapudalium
1181 2156 1266 2210 quen·

207 2212 284 2266 dium
301 2209 386 2281 Epist.
406 2226 445 2276 ¹7·
466 2204 586 2282 Heroid.
604 2224 645 2259 vs.
658 2209 716 2261 256.
753 2225 838 2281 quam
849 2224 881 2261 rc
903 2207 985 2279 peri:
1003 2208 1059 2262 nisi
1071 2208 1150 2263 sorte
1163 2208 1192 2262 id
1201 2219 1267 2261 tem·

207 2280 255 2334 Sic
270 2277 389 2332 Graecia
405 2276 504 2356 depae.
526 2272 601 2328 vide
616 2274 715 2328 Casan·
753 2295 807 2349 pus
823 2226 1032 2350 intelligamus,
1056 2295 1115 2350 quo
1134 2277 1220 2330 victis
1235 2271 1270 2327 ad

205 2347 276 2400 bon.
299 2343 334 2397 ad
349 2342 501 2413 Polybium
521 2358 587 2415 pag.
615 2360 669 2409 roo.
692 2353 721 2396 ct
754 2343 877 2401 Cnidum
888 2342 1121 2399 Lacedaemoniis
1138 2344 1268 2412 adjutore

207 2410 362 2483 Thucydid.
386 2411 451 2464 Lib.
472 2429 491 2463 t.
519 2411 641 2482 capilo.
669 2411 720 2481 qui
753 2412 956 2474 Pharnabazo,
985 2411 1058 2465 elaffi
1079 2412 1157 2484 regis
1176 2412 1268 2466 l‘erth-

207 2485 248 2553 (p.
260 2481 336 2549 274.)
359 2480 397 2532 ita
415 2479 529 2551 saepius
543 2479 656 2531 locutus
672 2478 718 2530 eli.
754 2498 817 2533 rum
855 2479 998 2533 raesectus
1015 2497 1113 2534 omnes
1135 2479 1239 2532 infidas
1255 2493 1271 2530 a

205 2557 228 2606 p
235 2551 357 2621 tilgatam
367 2559 460 2614 tamen
468 2546 718 2618 praeseroddxou.
753 2497 988 2602 Lacedaemoniis
1002 2549 1124 2601 avertitx
1145 2549 1271 2601 etGrae·

207 2617 297 2671 codex
321 2616 356 2668 ad
380 2615 501 2668 verbum
526 2613 658 2666 exhibet:
688 2615 720 2668 in
755 2635 805 2670 cos
830 2615 956 2691 superbo
976 2614 1270 2668 Lacedaemoniorum

206 2703 295 2757 eoque
317 2681 381 2756 eires
405 2700 494 2753 opera
519 2683 629 2753 magni
646 2679 720 2749 suit,
755 2683 902 2738 dominatu
926 2681 1072 2736 liberavit.
1092 2683 1269 2737 Lambinus.

205 2771 289 2826 quiem
297 2750 518 2804 unumomuium
528 2750 721 2815 bacchabere,
756 2754 817 2872 qiua
832 2751 866 2805 de
883 2769 915 2804 re
932 2748 1047 2803 videndi
1063 2750 1218 2805 Diodorus
1232 2756 1271 2817 ¹4·

228 2837 308 2873 arum
331 2817 472 2872 credibile
504 2816 549 2869 ost.
583 2817 718 2872 Moscha.
756 2837 772 2872 c
805 2821 973 2891 Xenophon
998 2819 1067 2873 hist.
1093 2821 1142 2873 Gr.
1167 2828 1193 2887 4.
1222 2818 1269 2890 qui

204 2841 298 2942 Etiam
315 2885 487 2960 optimaUlt.
497 2884 605 2937 editio:
629 2886 662 2939 in
675 2905 721 2941 eo·
755 2888 898 2961 posterior
919 2897 945 2940 et
967 2885 1085 2942 Pheras
1111 2889 1272 2953 navigasse

206 2951 440 3032 pueejuropera
465 2951 672 3025 magnificia]
756 2974 842 3022 enm,
869 2973 903 3008 aa
927 2954 1131 3009 Pharnabazo
1157 2954 1272 3027 pollici-

233 3021 522 3094 Praetorpedestrib.
532 3039 627 3075 exerc.
637 3040 721 3094 prae·
756 3033 838 3085 turn,
855 3021 928 3078 uelle
941 3042 973 3078 se
988 3023 1110 3079 nauales
1122 3026 1271 3096 copiates:

201 3087 287 3166 suit]
312 3091 439 3147 Primum
462 3107 537 3142 anno
554 3089 624 3142 holli
641 3091 722 3145 hu'ue
755 3091 864 3147 insulis
881 3090 1090 3157 alere,scribit.
1110 3091 1199 3163 Atqui
1218 3092 1272 3147 Ne-

210 3180 280 3214 xum.
307 3177 370 3212 oum
398 3161 554 3227 Corcyram
603 3110 721 3212 raefidio
755 3160 861 3233 posita
879 3159 1026 3212 horrerem
1046 3169 1163 3217 narrat,
1183 3171 1214 3211 ut
1233 3160 1271 3211 la·

208 3228 345 3281 firmaret.
368 3226 521 3281 Diodorus
530 3229 566 3281 13.
607 3226 723 3280 όνωνὸὲ
757 3229 812 3282 cile
828 3238 983 3299 appareat,
1003 3245 1066 3279 cum
1085 3228 1120 3280 de
1142 3237 1271 3300 tempore

210 3295 448 3365 ‹ispanp‘dsraiv
463 3293 623 3358 Ἀθηναίων
637 3294 722 3346 alted-
755 3295 825 3349 belli
842 3295 1090 3366 Peloponnesiaci,
1109 3311 1204 3366 eoque
1214 3313 1272 3349 non

210 3372 263 3418 aas
289 3367 328 3416 eir
348 3363 526 3431 Κέρκυραν,
552 3374 606 3416 etc.
648 3364 723 3415 Dein
757 3371 891 3420 extremo
907 3364 997 3433 loqui.
1017 3365 1096 3416 ator
1117 3369 1195 3418 enim
1209 3364 1270 3416 eub-

210 3451 284 3485 atino
299 3452 362 3485 xxv.
380 3449 443 3482 cum
468 3431 532 3483 aliis
552 3447 655 3483 novem
676 3431 721 3483 dl·
757 3432 834 3498 jicit:
855 3431 918 3486 Fuit
929 3430 1024 3485 etiam
1041 3437 1166 3502 praetor
1179 3440 1272 3487 entre·

210 3498 316 3552 cibiadi
337 3500 487 3559 suffectus,
512 3509 543 3551 ut
561 3496 634 3551 idem
650 3499 722 3553 Dio·
757 3518 806 3553 mo
824 3498 1042 3572 Peloponnesio
1063 3496 1152 3554 hello.
1178 3502 1271 3579 Quare

210 3567 301 3622 dorus
316 3584 379 3618 cum
399 3565 600 3636 Xenophonte
612 3565 720 3621 histor.
779 3585 849 3620 acne
863 3569 915 3630 est,
933 3578 965 3619 ut
988 3568 1034 3619 vel
1049 3577 1105 3619 tem
1118 3586 1184 3621 tora
1206 3585 1271 3622 con-

212 3637 260 3689 Gr.
279 3656 301 3688 ι.
321 3645 349 3687 ct
364 3635 722 3702 Justie=05,5‚4.narram.
757 3587 856 3689 ludina
876 3651 951 3699 etun,
974 3636 1019 3687 vel
1038 3632 1073 3686 dc
1096 3636 1154 3688 aia
1167 3635 1270 3690 Phera-

210 3704 328 3757 Bosins·
565 3748 568 3755 .
757 3720 820 3755 rum
834 3704 1025 3773 occupatione
1039 3703 1194 3775 loquutum
1210 3719 1271 3757 ere·

247 3767 345 3840 Praef.
364 3768 453 3824 class.
475 3786 522 3824 res
539 3787 624 3842 mag.
643 3770 724 3823 mari
757 3769 968 3825 damnosius.

209 3837 310 3911 gesa]
329 3839 722 3892 ttts.1)an.aberaires.t'en.
792 3837 911 3895 Pteros
925 3835 1019 3909 cepit]
1037 3837 1272 3893 Reclamantibue

210 3907 306 3960 tabam
330 3906 436 3976 igitur:
463 3904 573 3962 classes
592 3923 724 3979 magnas
758 3905 1272 3962 latetur-Pharasrestituilleselihrie

210 3976 291 4029 mari
307 3975 395 4028 rexit.
426 3974 545 4046 Saepius
571 3977 646 4026 enim
668 3976 722 4027 hoe
757 3975 928 4041 Lambinus;
948 3973 1272 4046 sedllutgerfiusraria·

208 4039 633 4095 belloetaffibosntuentcnfium
641 4059 725 4112 prae·
757 4062 821 4096 rum
840 4044 997 4097 lectionum
1016 4043 1081 4095 Lib.
1098 4047 1125 4103 lt.
1147 4061 1212 4115 cap.
1233 4060 1270 4095 to.

209 4109 274 4162 suit.
300 4125 365 4161 nam
387 4110 531 4179 Corcyrae
555 4110 724 4181 praefidium
757 4121 922 4184 propugnet
945 4108 1085 4165 Theram.
1104 4110 1200 4164 Gchh.
1232 4112 1272 4163 lta

212 4179 342 4230 illaturus
363 4194 426 4229 cum
450 4196 493 4230 ιι.
524 4177 669 4245 navibus,
694 4187 725 4231 ut
758 4184 916 4235 constanter
928 4179 1011 4233 MSS.
1031 4189 1059 4231 ct
1074 4174 1139 4230 cdd.
1151 4178 1270 4234 veleni-

211 4243 365 4300 Diodorus
380 4246 472 4306 ait‚co
486 4246 552 4298 navi
574 4249 643 4303 orit.
660 4247 722 4302 Tri·
758 4247 781 4299 si
804 4246 881 4323 quod
908 4247 1007 4300 Boecl.
1040 4263 1144 4317 speras
1170 4247 1271 4306 habet,

211 4315 299 4366 ennio
312 4313 373 4386 post
388 4312 424 4365 ab
439 4261 602 4381 Alcibiade,
625 4328 723 4370 ctrur·
757 4317 835 4385 quod
857 4333 872 4370 e
890 4312 953 4368 soni
972 4313 1130 4380 affinitate,
1148 4313 1270 4371 librario

212 4401 258 4434 sus
274 4399 350 4436 anno
370 4382 595 4456 nvinreliquie
610 4393 724 4457 praeto·
761 4385 917 4458 Sphaerus
939 4400 996 4453 pro
1023 4382 1141 4438 Pheras
1169 4381 1270 4455 excipi·

211 4449 294 4503 ribus
309 4449 369 4522 post
386 4450 724 4505 victoriamaLacedae·
760 4466 836 4517 ente,
862 4464 959 4506 natum
984 4451 1030 4503 vix
1053 4451 1167 4505 dubito.
1199 4443 1271 4524 quod

212 4519 316 4571 rooniis
332 4515 367 4570 ad
383 4518 534 4589 arginusae
547 4530 726 4592 reportatam
760 4533 854 4577 autern
873 4519 1056 4586 Ratgersius
1078 4521 1144 4574 Var.
1168 4517 1269 4586 lect-h

211 4582 369 4648 abdicatis,
389 4588 499 4640 cladem
518 4588 639 4659 accepit.
678 4587 725 4642 n'il
762 4609 802 4645 ιο.
820 4588 917 4643 laudat
934 4589 1058 4650 Thenas,
1077 4590 1184 4643 vellem
1201 4585 1269 4642 addi·

211 4659 305 4706 tameo
318 4665 427 4710 mutare
440 4655 543 4711 audeo.
557 4656 626 4712 Bos.
646 4657 723 4714 vot.
759 4656 850 4745 elidet,
860 4660 890 4711 in
908 4674 965 4731 qua
983 4656 1112 4712 editione
1127 4654 1159 4710 id
1173 4670 1268 4734 reppt·
