2624 5176
1148 235 1158 252 ἱ
1193 257 1202 262 0-

601 418 603 422 ⁴
916 414 921 425 ,
1071 398 1075 417 ι

790 482 793 493 Ι

585 500 594 523 0

817 526 823 537 Ι

127 785 204 831 xcrr
330 765 334 818 ἶ
448 759 877 829 ΤΕΘΤΙΜΟΝΙᾸ.

405 967 560 1040 case.
608 962 965 1061 narrante,

211 1095 243 1150 in
256 1095 470 1150 commatratione
480 1090 513 1149 de
528 1089 594 1148 Lar.
612 1086 721 1167 lingua,
757 1086 908 1144 arietinis
919 1081 1111 1166 scriptoribm.

205 1222 297 1286 Vitas
323 1219 488 1282 illustrium
515 1218 669 1282 Graeciae
697 1213 906 1301 principum,
954 1237 1032 1298 quas
1058 1202 1199 1279 Aemilio

123 1330 232 1392 Probo
248 1318 321 1401 alii,
357 1327 410 1389 alii
426 1328 522 1389 Corn.
541 1324 659 1408 Nepoti
676 1322 859 1384 adscribunt
878 1363 887 1392 ‚
923 1320 1028 1384 libens
1050 1320 1127 1384 huie
1144 1345 1199 1386 se·

121 1437 179 1497 tati
205 1434 349 1516 [ftruodae
369 1434 409 1516 fc.
430 1454 481 1513 qua
502 1435 615 1503 Cicero,
649 1430 766 1511 Caefitr,
799 1430 896 1487 Livius
915 1447 965 1487 cer.
978 1435 1100 1517 sirm]
1133 1410 1199 1492 tri.

120 1538 252 1604 bnans*
266 1539 338 1605 sunt
359 1538 444 1598 enim
468 1535 540 1596 l'atis
568 1534 669 1597 nitide
688 1549 720 1595 et
743 1536 856 1597 Latine
880 1534 1089 1619 conscriptae.
1131 1534 1199 1598 Sed

122 1647 162 1708 de
178 1647 219 1706 iis
232 1646 327 1729 longa
342 1642 512 1729 disputatio
538 1640 591 1704 est.
634 1643 709 1707 Vita
726 1643 839 1724 Pomp.
857 1640 967 1712 Attici,
984 1663 1001 1701 a
1016 1643 1114 1702 Corn.
1130 1646 1198 1704 Ne·

120 1766 196 1837 pote
226 1773 303 1814 vere
338 1764 482 1822 exarata,
519 1748 665 1810 omnibus
688 1745 729 1808 ad
749 1745 839 1807 illum
866 1746 1033 1809 Ciceronis
1052 1744 1197 1833 epistolis

119 1859 241 1942 adjecta
263 1858 318 1924 est.

577 2007 591 2063 l
607 2003 638 2061 D
656 2005 684 2063 E
701 2004 736 2063 Μ

378 2111 426 2173 lib.
448 2131 535 2175 xxrv.
565 2108 794 2189 Adverfitriorum
810 2125 867 2190 rap.
884 2107 931 2170 ιθ.

197 2242 370 2308 Aemilium
376 2244 520 2306 Probum
539 2261 619 2305 aevo
628 2237 849 2303 Theodosiano
861 2255 1084 2325 correptorem
1095 2242 1197 2305 Com.

117 2354 253 2437 Nepotis
269 2353 381 2425 fuisse,
406 2351 561 2435 peculiari
576 2372 594 2409 a
612 2348 706 2408 nobis
727 2349 916 2409 tractatione
932 2369 1036 2432 nuper
1050 2346 1196 2410 vindica.

118 2457 253 2523 tum'ell.
296 2460 337 2521 Et
352 2459 399 2519 lib.
421 2480 494 2521 xxv.
507 2475 578 2540 ,cap
604 2457 640 2517 15
650 2479 657 2517 :
683 2456 745 2515 His
765 2453 878 2515 diebus
897 2452 1193 2530 demonstravimus,

117 2566 289 2628 Aemilium
304 2566 447 2626 Probum
463 2587 543 2628 aevo
564 2562 742 2626 Theodosii
764 2562 909 2624 Cornelii
930 2561 1066 2645 Nepotis
1090 2561 1196 2625 libro·

115 2673 149 2732 in
167 2672 340 2755 Epitomen
358 2671 527 2757 redegisse.

581 2826 595 2882 l
613 2824 642 2882 D
660 2823 688 2883 E
704 2825 739 2883 Μ

490 2929 538 2992 lib.
555 2950 635 2989 xun.
668 2945 726 3009 cap.
747 2944 796 3006 aa).

193 3059 310 3134 Unica,
328 3058 391 3122 sed
409 3059 575 3144 eleganter
589 3076 622 3123 et
642 3059 777 3144 proprie
797 3059 915 3144 scripta
928 3060 1079 3126 vitarera
1092 3062 1194 3124 Corn.

113 3150 248 3250 Nepotis
265 3166 306 3228 ad
318 3189 378 3230 nos
398 3170 498 3242 venit,
522 3171 602 3232 adeo
618 3167 749 3253 quidem
762 3179 949 3253 utrumque,
972 3182 1005 3230 ut
1018 3167 1117 3229 Attici
1134 3186 1192 3237 red¹

110 3270 344 3352 bus,irrteresse
374 3275 467 3336 nobis
495 3277 685 3349 videamur,
722 3275 849 3360 quoties
880 3295 948 3335 eam
972 3273 1127 3357 legimus,
1155 3286 1191 3337 et

8 3390 11 3401 ’
61 3414 64 3419 -
109 3377 181 3442 sane
198 3378 266 3458 ejus
284 3383 520 3464 comparatione
536 3382 679 3463 judicare
696 3394 846 3464 poterant
866 3380 984 3443 eruditi
1003 3379 1067 3442 viri
1087 3377 1128 3440 tle
1144 3378 1192 3440 al·

108 3487 188 3546 teris
212 3487 288 3548 illis.
319 3489 389 3549 eod.
407 3506 463 3567 cap.
478 3490 532 3569 fich
547 3485 646 3566 firmo:
688 3493 762 3551 Non
781 3508 977 3571 magnopere
1001 3486 1103 3548 titulis
1133 3505 1191 3568 gaq

109 3592 208 3653 vilinn
243 3593 342 3676 ipsum
372 3593 531 3667 Atticum,
571 3615 610 3656 ex
636 3593 852 3677 descriptione
879 3594 1024 3678 sequenti
1049 3591 1191 3673 constatg

108 3721 200 3783 quam
219 3722 279 3782 ego
298 3714 362 3762 tam
387 3702 596 3775 luculentam,
631 3717 757 3783 tamque
775 3700 939 3761 candidam
963 3714 995 3762 et
1019 3680 1187 3761 emendate
1220 3710 1225 3729 '

106 3806 255 3888 scriptam
273 3820 373 3889 puto,
404 3821 524 3868 utnon
547 3806 647 3871 solum
673 3798 806 3872 ‘Aemilii
833 3808 934 3869 Probi
957 3807 1069 3878 vitae,
1107 3824 1188 3890 quas

83 3898 278 3996 'Epitomen
293 3914 427 3995 Nepotis
446 3914 509 3975 esse
529 3916 608 3978 alibi
625 3916 852 4000 probabimus,
876 3915 916 3976 ad
937 3935 1005 3976 eam
1025 3909 1186 3984 sordeant,

106 4018 182 4111 ssd?
210 4039 273 4080 uno
290 4018 357 4080 solo
374 4021 529 4083 Suetonio
549 4032 702 4107 excepto,
730 4023 811 4084 nihil
829 4037 899 4085 toto
913 4021 1013 4109 Latio.
1025 4017 1189 4082 inveniam

106 4127 267 4202 exactius,
304 4139 336 4191 et
354 4126 409 4189 suo
426 4126 562 4213 quodam
578 4131 676 4213 genio
693 4130 881 4203 absolutius,

567 4283 581 4342 1
598 4282 628 4342 D
647 4283 676 4342 E
692 4285 727 4342 Μ

487 4384 536 4446 tit».
558 4408 616 4448 nn.
659 4407 715 4470 cap.
744 4398 792 4464 alr.

183 4517 356 4592 Datamen,
389 4520 530 4582 omnium
558 4518 768 4581 barbarorum
788 4517 857 4605 posi
875 4515 1065 4579 Annibalem
1087 4527 1120 4577 et
1142 4514 1186 4578 A·

108 4623 271 4689 milcarem
290 4614 490 4700 fortissimum
498 4625 513 4701 ‚'
535 4620 600 4688 'nisi
622 4624 709 4692 libro
733 4625 890 4713 peculiari
912 4610 1101 4688 celebrasset
1118 4625 1185 4685 Aa·
