2624 5176
690 408 694 422 ¹
1082 429 1084 432 ‚
1120 424 1125 433 ι

548 460 552 466 ¹
709 475 725 490 Ι

344 519 349 530 ι
983 535 988 543 ⁴
1211 530 1219 539 s

640 558 645 570 a

174 818 259 859 urm
296 792 544 856 PRAEFATIO
565 790 781 855 EDITIONIS
804 787 1196 858 sTAVER.PR10ffls‚

156 949 159 953 ,
184 925 1259 955 .........,....-..........................-..-.-.....

177 1002 316 1083 inferioris
331 995 417 1076 cloffls
434 996 483 1077 effe
502 998 675 1079 censendum,
698 973 750 1058 aul
761 999 795 1057 de
806 998 864 1076 side
878 997 936 1075 ejus
952 995 1154 1071 dubitandum,
1181 998 1257 1078 quod

177 1126 365 1187 nonnunquam
382 1110 411 1165 in
436 1104 548 1164 Graccis
564 1103 699 1165 vocabulis
714 1105 853 1164 vertendis
865 1103 959 1185 suerit
975 1102 1083 1183 lapsus‚·
1104 1102 1175 1162 illud
1187 1107 1260 1163 enisa

176 1218 274 1275 vitium
293 1217 317 1272 ei
337 1235 394 1273 cum
406 1203 513 1294 optimis
520 1211 702 1294 scriptoribus
719 1232 852 1271 commune
863 1209 965 1293 surse,
983 1209 1054 1292 stris
1061 1209 1198 1292 superque
1207 1211 1257 1272 de-

176 1320 334 1399 monstravit
362 1321 519 1384 Academiae
540 1319 672 1400 Lugduno
695 1320 818 1378 Baianae
836 1318 969 1399 qnondam
987 1317 1066 1378 decus
1084 1315 1122 1395 J.
1139 1319 1258 1380 Perizo-

152 1430 257 1501 .nius,
280 1446 313 1486 ut
329 1427 366 1485 ad
388 1425 527 1488 Phocionis
547 1428 632 1485 vitam
646 1433 743 1505 capu.
765 1426 853 1487 docui.

262 1651 443 1736 Gelasimum
459 1662 549 1738 itaque
562 1656 647 1731 bunc,
671 1655 931 1739 utquepu'nfflmum
940 1658 1117 1741 sriptorem,
1135 1656 1188 1741 fiad
1204 1664 1258 1721 mi·
1279 1685 1284 1693 ⁴

172 1759 234 1842 sere
252 1787 268 1825 a
285 1765 408 1826 librariis
422 1785 565 1839 vexatum,
588 1785 653 1826 cura
667 1765 719 1846 sua
733 1763 820 1846 prisco
837 1770 922 1825 nitori
942 1764 1081 1842 restituere
1094 1789 1147 1826 non
1159 1767 1257 1850 infeli-

177 1880 245 1936 citer
263 1878 351 1934 ccsuei
359 1874 427 1954 sum
438 1883 541 1954 partim
559 1877 598 1943 ii,
622 1872 656 1931 de
672 1870 766 1952 quibus
775 1870 903 1952 superius
918 1877 1075 1933 mentionem
1086 1873 1160 1956 seri,
1187 1891 1259 1956 par-

178 1985 229 2042 tim
247 1979 297 2040 alii
316 1999 395 2061 quam
414 1979 528 2061 plurimi
543 1983 618 2052 riri,
648 1979 787 2059 praeclara
810 1977 874 2038 olim
888 1980 965 2060 Reip.
987 1979 1125 2041 literariae
1142 1981 1258 2058 lumino,

180 2107 294 2168 quorum
311 2091 412 2146 varias*
424 2087 551 2146 editiones
576 2084 710 2165 recensent
730 2085 774 2146 D.
794 2084 830 2149 G.
856 2078 1013 2164 Morbosus
1037 2070 1166 2167 Polybisl.
1183 2090 1261 2148 Lite.

177 2212 238 2255 rat.
261 2193 333 2259 Lib.
348 2203 379 2267 (ι’.
403 2213 471 2277 cap.
495 2215 541 2253 ιι.
564 2191 593 2272 s.
623 2211 669 2253 ιο.
693 2212 720 2252 es
740 2191 776 2270 J.
792 2193 829 2253 A.
848 2191 987 2254 Fabricius
1006 2191 1137 2254 Bibliotb.
1162 2196 1257 2257 latin.

176 2278 250 2360 Lib.
267 2321 292 2360 1.
316 2309 384 2384 cap.
401 2300 432 2363 b.
453 2303 499 2381 qui
515 2299 641 2381 pluribus
656 2298 690 2357 de
704 2298 813 2379 Nepote
828 2311 951 2380 egerunt.
984 2300 1064 2358 lutet
1077 2320 1166 2359 omnes
1178 2322 1256 2376 nero,

144 2443 147 2450 ι
177 2426 244 2487 quas
263 2407 350 2467 Docti
372 2407 446 2467 nobis
466 2424 671 2488 procurarunt,
703 2405 851 2477 editiones,
880 2409 977 2466 eminet
994 2404 1041 2464 illa
1060 2404 1113 2482 Jo.
1131 2407 1259 2468 Andreae

177 2515 256 2576 Bosii
276 2513 506 2588 adnotationibus,
533 2533 563 2572 ac
588 2509 819 2590 lucubrationibus
833 2511 977 2590 secundis,
1013 2510 1178 2596 aliorumque
1197 2520 1260 2575 ani.

176 2618 401 2701 madvers'onibus
418 2619 595 2701 locupletato,
628 2615 879 2697 Jertoerl.1b75.
904 2622 976 2700 typis
998 2618 1130 2700 expreffit.
1174 2626 1259 2704 Opti.

79 2804 85 2814 .
175 2744 245 2782 mam
265 2744 339 2799 eom,
371 2745 397 2785 et
419 2704 452 2786 ab
472 2727 601 2786 Eruditis
624 2727 672 2785 diu
695 2720 871 2804 defideratam
893 2726 1038 2785 editionem
1057 2747 1115 2785 cum
1130 2730 1261 2790 recudere

176 2834 206 2889 in
222 2833 338 2890 animum
359 2830 502 2892 induceret
527 2830 981 2914 oilssessiffimustaucoemassssus,
1013 2813 1111 2914 arbae,
1141 2835 1261 2897 millius

175 2959 267 2998 turam
278 2938 455 3022 susciperem,
473 2944 550 3000 enixe
566 2962 606 2999 mc
623 2960 750 3023 rogaret,
775 2939 824 2998 din
842 2939 914 2998 baesi
928 2939 1047 3014 dubius,
1068 2940 1185 3001 oblatam
1199 2964 1261 3004 con.

176 3043 304 3103 ditionem
321 3050 512 3129 acciperemne,
544 3070 578 3109 on
593 3048 758 3130 recusarem:
780 3046 926 3129 sllicitum
949 3053 1018 3108 enim
1043 3071 1083 3108 me
1100 3054 1188 3108 tenuit
1206 3070 1261 3110 nort

171 3171 261 3211 narsus
281 3173 384 3228 metus,
406 3176 439 3215 ns
452 3155 597 3238 aliquando
616 3175 708 3216 eorum
721 3174 831 3216 sinuum
846 3152 977 3227 haberer,
1009 3160 1059 3235 ‚qui
1084 3161 1178 3236 quovis
1191 3172 1260 3237 pre-

175 3260 214 3316 tio
232 3263 308 3338 qscosi
323 3261 464 3337 conducti,
496 3267 652 3341 quorumvis
664 3261 847 3344 scriptorum,
877 3265 907 3321 in
931 3259 1027 3343 quibus
1052 3262 1156 3322 nullam
1179 3282 1260 3353 antea

173 3381 280 3444 optram
302 3366 469 3447 pusacium,
504 3374 668 3429 curationem
689 3371 813 3451 arripere
829 3389 883 3426 non
902 3366 1040 3428 dubitant.
1082 3367 1168 3450 Qod
1189 3387 1259 3450 pra·

172 3491 236 3531 nura
256 3471 408 3551 institutum
425 3474 478 3554 ipse
499 3496 562 3534 cane
580 3476 660 3556 pejus
675 3493 702 3533 ct
715 3494 802 3555 ¹angue
815 3472 922 3555 semper
942 3475 1007 3546 odi,
1038 3478 1135 3556 quippe
1157 3479 1185 3534 in
1204 3480 1261 3558 Op.

174 3582 302 3640 tinorum
315 3581 464 3640 Arctorum
482 3586 647 3661 perniciem,
671 3601 698 3640 es
719 3580 796 3663 Reip.
818 3581 958 3642 literatior
973 3582 1101 3641 domnum
1118 3585 1194 3642 msice
1208 3576 1259 3642 lx-

133 3681 136 3690 ’
172 3692 327 3767 cogitatum.
368 3689 497 3749 Attamen
519 3707 617 3746 roccum
642 3686 839 3773 perpendens,
873 3690 1043 3760 Auctorem,
1079 3708 1159 3748 curae
1187 3710 1261 3750 meae

174 3795 410 3868 summittendum,
432 3792 482 3873 esse
505 3793 660 3855 Cornelium
678 3793 829 3875 Nepotem,
846 3792 1009 3876 scriptorem
1028 3796 1134 3874 quidem
1151 3794 1259 3877 elegan-

173 3895 318 3976 tifflmma‚
341 3919 368 3959 et
382 3905 468 3961 variis
481 3901 691 3983 antiquitatibus
709 3901 861 3985 refertum5
890 3899 942 3983 ssd
952 3943 960 3973 ,
984 3905 1045 3982 quia
1057 3905 1163 3985 primus
1186 3902 1223 3983 esi
1245 3925 1259 3962 t

171 4005 280 4066 Latircis
296 4005 491 4087 scriptoribus,
525 4030 601 4091 quem
624 4011 661 4070 ad
687 4011 868 4071 Romarmrum
889 4007 1035 4089 elegantias
1062 4011 1118 4067 rite
1143 4030 1256 4091 cognos-

170 4112 553 4196 cendasinmosmmsumpsi,
574 4118 638 4196 jan
657 4118 706 4176 diu
725 4115 790 4175 mibi
803 4115 973 4196 familiarem
995 4118 1153 4189 redditum,
1185 4123 1257 4178 intc-

169 4223 285 4299 gerrimi
301 4218 468 4303 Bibliopolae
484 4226 555 4285 votis
563 4222 743 4307 satisfacere,
767 4241 797 4283 ac
819 4241 925 4284 monum
940 4222 1003 4285 buic
1017 4227 1092 4308 operi
1113 4224 1257 4287 admovere

166 4323 293 4406 susac.

258 4559 297 4619 Ut
311 4560 375 4640 jam
400 4581 469 4622 nova
493 4561 554 4621 baec
583 4561 666 4621 editio
684 4561 859 4643 qualicunque
882 4585 937 4625 mea
954 4564 1048 4641 studio
1068 4585 1148 4647 atque
1171 4584 1255 4647 opera

169 4663 259 4748 paullo
277 4670 405 4754 ornatior¹
416 4666 561 4750 prodiret,
585 4691 599 4730 e
615 4688 732 4750 quatuor
752 4671 885 4735 radicibus
902 4673 1014 4751 MSS„
1039 4695 1156 4757 quorum
1175 4674 1253 4758 nsum
