2624 5176
30 840 37 847 ,
94 774 242 877 ,taso
302 798 313 807 -
396 773 708 841 consensi
758 754 1032 841 derasis

185 912 684 931 *μη-...Ἥ
1154 910 1224 921 ιιι-ι·-

647 934 657 959 s

182 998 219 1041 se
248 999 371 1062 parare.
435 979 552 1040 Filium
588 999 628 1041 eo
643 1022 648 1033 .
665 978 838 1040 Arsideum
871 1000 944 1043 cum
978 978 1127 1042 exercitu
1153 979 1251 1041 mitris

182 1083 275 1146 cadis
296 1084 330 1146 in
350 1085 476 1168 praelio
496 1084 704 1162 adolescens3
745 1080 967 1168 proficiscitur
986 1104 1028 1147 eo
1049 1097 1161 1169 pater,
1196 1104 1254 1145 nos

179 1190 228 1255 ita
255 1210 328 1253 cum
362 1212 475 1276 magne
509 1215 621 1268 manu,
670 1192 796 1266 celans,
846 1205 997 1276 quantum
1023 1184 1144 1255 vulnus
1171 1209 1254 1253 ecoe·
1291 1204 1297 1231 ⁸

182 1299 306 1382 piacet,
348 1298 436 1383 quod
455 1299 548 1383 prius
569 1299 610 1361 ad
629 1300 756 1363 hostem
775 1298 950 1384 pervenire
971 1298 1142 1383 cupiebat,
1171 1316 1256 1383 qun
1287 1306 1291 1315 '

183 1405 225 1468 de
253 1426 290 1467 re
317 1406 400 1480 rnale
427 1419 519 1490 gesta
546 1405 630 1469 sama
656 1405 700 1469 ad
718 1427 795 1469 suos
814 1405 1022 1489 perveniret,
1064 1425 1109 1467 ne
1136 1403 1256 1487 cognite

138 1521 163 1564 -3
185 1510 245 1575 lilii
274 1526 378 1576 morte
414 1514 510 1574 animi
546 1512 792 1579 debilitarentur
819 1510 966 1573 militum.
1029 1509 1105 1607 Quo
1132 1522 1257 1572 conoen·

183 1620 292 1691 derat,
335 1620 502 1704 pervenit,
544 1618 661 1703 hisque
689 1610 770 1679 locis
799 1631 903 1680 cestra
928 1616 1041 1705 ponit,
1095 1629 1131 1679 ut
1159 1632 1258 1700 neque

184 1727 351 1789 circumiri
379 1722 583 1787 multitudine
611 1724 870 1787 adversariorum
896 1735 1035 1807 posset,
1077 1742 1186 1809 neque
1205 1722 1258 1782 ia·

86 1900 92 1911 ..
185 1831 312 1915 peliri,
356 1818 419 1914 ilua
468 1832 572 1895 minus
623 1829 664 1893 ad
711 1829 926 1894 dimicandum
964 1848 1095 1892 manum
1132 1827 1260 1890 liaberu

155 2021 160 2037 ι
185 2078 360 2136 quamquam
383 2061 424 2115 ibi
445 2060 530 2115 aliter
552 2061 707 2146 legendum
741 2071 770 2116 et
785 2061 865 2121 Voil'.
881 2060 915 2115 A.
930 2060 966 2113 B.
980 2056 1183 2116 Arsidaeum.
1191 2054 1261 2180 (χίῖᾶ

186 2129 480 2185 censeatdoctiilimus
490 2131 521 2184 Ρ.
529 2131 704 2186 Scriverius.
740 2130 892 2185 statuemus
913 2125 950 2185 de
970 2129 1143 2182 nominibus
1159 2130 1218 2181 Bar
1252 2158 1260 2170 ·

171 2197 707 2265 ,GebluSicllill.l)an.Sclrots.Boecl.
742 2215 861 2264 rorum,
899 2202 1004 2250 uorum
1016 2196 1261 2270 mutationesper·

186 2260 707 2340 [Gn.Ult.]SirniliterCntoapudGel-
742 2269 846 2321 multas
866 2283 882 2319 c
905 2282 937 2331 e,
961 2264 1018 2330 jam
1040 2263 1145 2319 docuit
1160 2264 1262 2320 Strabo

185 2335 293 2402 lium,
312 2336 338 2390 3.
356 2333 708 2406 quietaecresramse.
743 2335 809 2391 Lib.
824 2353 884 2389 svs.
903 2334 1069 2407 pegasis,
1097 2333 1174 2389 nas.
1209 2334 1262 2387 en

187 2399 283 2460 eunde
317 2404 450 2458 rocessit.
477 2402 599 2461 Tacitus
615 2406 655 2468 15.
664 2408 708 2470 ao,
743 2402 1037 2598 ζνρῆοίεσίωννοίΐ.
1047 2403 1084 2456 Δ.
1101 2399 1263 2475 proficitur.

186 2475 213 2530 ὃ.
232 2479 264 2526 ut
292 2490 359 2526 erro
376 2479 590 2547 grassaretur,
617 2490 708 2544 quan·
768 2473 822 2526 Gu.
843 2469 1011 2545 Arsideum.
1049 2472 1121 2524 Mos
1138 2472 1195 2526 (iu.
1212 2471 1263 2525 uls

187 2538 228 2596 do
252 2558 396 2595 venenum
426 2559 488 2599 uon
512 2550 707 2613 processerat.
765 2560 782 2595 e
796 2540 877 2596 mole
892 2560 925 2595 re
936 2546 1044 2611 gesta,
1063 2548 1097 2592 ut
1114 2554 1263 2594 omnessn·

120 2669 121 2677 ἵ
188 2608 374 2682 Langenses,
400 2608 587 2677 Lambinus,
613 2611 708 2663 etalii
744 2622 773 2665 te
791 2610 888 2663 Boecl
904 2608 986 2663 editi.

187 2677 397 2734 succedebant.
413 2679 528 2732 Rosius.
555 2681 598 2733 Cl.
615 2678 709 2735 walse
781 2677 891 2751 Hisque
907 2675 982 2733 locis
1019 2673 1264 2730 Scribeodunsls·

187 2744 225 2799 ad
242 2746 353 2800 Sallust.
369 2745 485 2798 catilin.
506 2764 568 2819 cap.
584 2748 626 2803 33.
645 2764 710 2799 con·
745 2767 809 2821 que,
825 2748 844 2800 i.
862 2765 889 2801 c.
905 2748 1008 2819 iisque.
1019 2741 1200 2799 schilterus.
1210 2741 1264 2812 [At-

189 2823 249 2877 set,
270 2814 293 2865 si
309 2811 513 2887 procedebant
527 2816 665 2879 retineas,
675 2813 711 2867 τό
746 2832 803 2891 que
818 2816 857 2868 ita
879 2817 934 2883 jam
953 2812 1113 2869 Lambinus
1130 2808 1250 2878 edidis]

188 2899 331 2955 prospere
348 2880 511 2944 dolendum,
530 2882 711 2955 sivcropro·
782 2884 942 2939 Circumiri
967 2878 1186 2949 multitudine]
1223 2880 1264 2932 Sit

190 2969 206 3006 s
227 2970 276 3007 ere
290 2951 435 3015 retineas,
455 2949 600 3008 cedebant
616 2951 712 3024 legon-
747 2952 816 3006 libri
826 2970 937 3018 onsnes,
954 2948 1058 3005 eodem
1080 2967 1119 3003 ne
1131 2948 1265 3004 madoci

212 3036 267 3072 um.
284 3018 365 3072 Leid.
384 3035 422 3072 nr.
440 3030 468 3073 et
486 3020 611 3076 Vollian.
624 3019 660 3073 Δ.
677 3020 710 3071 Β.
742 3040 814 3082 ,cero
830 3018 914 3076 Ptit.
928 3022 968 3077 ιδ.
989 2965 1161 3075 Lambinus
1176 3029 1265 3071 tanco

189 3085 403 3211 prggffiebtclalpt
422 3089 535 3211 Cdiia'm
557 3087 713 3209 insieme?
749 3088 927 3211 ediiitcircit
938 3107 957 3145 a
971 3085 1266 3211 multitpdine.sld;s⁵

212 3178 220 3210 ι
380 3175 405 3210 rr
497 3176 540 3210 rus
704 3193 713 3210 .
770 3176 847 3212 auo
887 3176 904 3212 o
985 3175 1167 3214 uomsnuss
1204 3175 1219 3212 e

191 3242 257 3298 cap.
275 3243 298 3276 ι.
315 3243 394 3278 num.
409 3228 435 3280 5.
455 3224 556 3279 Livius
569 3224 634 3278 Lib.
648 3245 672 3280 ι.
689 3243 715 3278 c.
748 3177 853 3283 Idimic.
896 3174 985 3281 odissi
1014 3175 1264 3284 circumirilaid.

190 3302 235 3360 57.
256 3291 347 3348 ubiid
353 3310 463 3367 parum
471 3296 624 3366 processit.
632 3295 715 3348 Was·
751 3306 779 3349 ct
792 3295 912 3350 roms.
930 3295 1265 3373 Sedli.circuiri.Quan

194 3361 230 3417 sii
248 3361 633 3426 conjecturameonfirrnant‚
662 3380 715 3415 uos
749 3364 906 3417 lectionem
930 3363 1024 3429 citat,
1065 3374 1095 3416 ct
1119 3365 1228 3437 probat
1243 3362 1263 3416 i.

193 3429 441 3486 laudntlinlserus
463 3427 498 3480 ad
515 3430 634 3484 Florum
675 3430 716 3484 ib.
750 3431 879 3486 Broulsh.
900 3431 936 3485 ad
951 3433 1144 3506 Propertium
1165 3432 1229 3488 Lib.
1243 3450 1264 3486 a.

193 3517 221 3554 a.
251 3515 315 3568 cap.
333 3515 372 3563 ¹7·
402 3514 480 3550 nram.
500 3499 538 3552 13.
571 3497 629 3553 Sed
647 3500 717 3553 licet
750 3501 794 3553 El.
812 3505 840 3569 4.
867 3516 944 3555 vers.
963 3504 1006 3557 ab.

194 3584 336 3639 prospere
366 3563 469 3622 cedere
499 3563 628 3627 dicatur.
664 3585 717 3622 cur

194 3644 292 3687 tamen
321 3652 461 3708 prospere
490 3632 649 3706 procedere
672 3635 715 3691 uti
782 3631 874 3709 Cujus
895 3656 956 3692 non
978 3633 1112 3693 hederae
1129 3636 1264 3692 circuiere

195 3719 256 3754 non
277 3701 383 3768 liceat,
407 3702 526 3756 cauilarn
546 3702 633 3758 video
651 3705 716 3765 nul·
818 3713 917 3780 caput.

171 3786 174 3793 ·
196 3768 263 3822 lam.
297 3766 462 3844 [Prospere
475 3768 647 3844 procedere,
665 3772 716 3837 ad.

196 3848 316 3891 notante
334 3841 534 3901 Tssclruclsio‚
559 3840 645 3897 etiam
670 3843 716 3895 Ci·
754 3839 813 3897 Sed
833 3851 989 3915 utmmque
1011 3853 1091 3895 recte
1117 3841 1206 3896 scribi
1223 3838 1266 3892 do·

197 3923 267 3958 cero
282 3906 353 3960 dixit
370 3909 449 3980 cpiil.
464 3907 499 3961 nd
516 3907 576 3962 div.
593 3905 688 3980 sa‚q.]
755 3921 837 3976 cent,
863 3907 1065 3983 quoslaudavi
1084 3909 1122 3963 ad
1143 3907 1266 3964 Themi&

143 3976 151 3995 '
235 3972 378 4042 Pisidas]
400 3977 493 4031 Aliter
506 3974 660 4033 Diodorus
680 3980 720 4035 15.
755 3996 788 4032 oa
812 3980 862 4034 .3.
881 3977 949 4043 ubi,
966 3978 1102 4039 simavis.
1123 3979 1266 4033 etiamcir-

191 4043 456 4098 ¹l'eriasArtabarn
474 4044 592 4099 ducein
609 4048 721 4121 Cappa·
755 4053 901 4111 curretur,
919 4064 974 4119 par
988 4063 1033 4099 sno
1050 4048 1130 4102 licei.
1164 4048 1268 4101 interes

197 4108 313 4165 dociam
336 4112 484 4185 irrupilie‚
512 4112 651 4171 adversus
670 4134 722 4172 cos
756 4115 1022 4182 observa‚beotor‚
1042 4114 1267 4171 Codicemcber·

197 4180 349 4243 Datamern
388 4183 546 4236 exercitum
584 4182 719 4239 eduxisse.
753 4183 1266 4241 taceumvossiiliterali.distinctun

199 4246 318 4302 Rosius.
335 4247 417 4304 Laid.
439 4268 477 4304 m.
497 4250 657 4320 Physidas.
755 4269 870 4326 semper
885 4252 1022 4334 proferre
1039 4254 1189 4316 circuire,
1204 4258 1267 4304 utet

235 4316 415 4386 Arsideum]
441 4321 483 4375 Ita
498 4321 559 4375 Mil.
579 4324 653 4377 Dan.
670 4321 721 4377 Sa.
756 4322 785 4375 in
801 4322 854 4376 hac
871 4330 932 4376 visa
947 4339 1012 4395 cap.
1028 4339 1054 4387 7.
1084 4324 1205 4379 mund.
1221 4334 1267 4405 pro

200 4402 263 4461 var.
282 4386 393 4466 §chata
410 4387 658 4511 lincolpdnpsc
667 4387 721 4446 Ed.
755 4391 965 4447 circumiretur
993 4391 1099 4444 itcrusn
1136 4393 1266 4470 circuire·

198 4452 302 4534 blitea).
329 4456 388 4510 Pro
405 4474 463 4528 quo
478 4458 587 4531 vagati
613 4458 672 4512 ibri
683 4454 721 4516 A·
756 4467 805 4514 tur
825 4459 951 4513 exhibet.
979 4454 1051 4529 [Ax.
1067 4461 1124 4514 Gu.
1149 4461 1205 4517 Uli.
1220 4476 1266 4513 esr-

198 4520 349 4577 rsdaeum.
396 4522 455 4579 uod
468 4542 574 4580 nomen
589 4526 679 4583 Periis
689 4546 721 4580 u·
756 4528 866 4584 cumiri
886 4526 972 4583 mult.
1001 4530 1075 4582 Tum
1095 4529 1154 4583 Gu.
1173 4530 1229 4586 uia
1245 4533 1267 4577 ti

200 4588 317 4643 silatum
341 4591 383 4650 ius
409 4613 435 4657 e,
461 4614 495 4650 co
517 4593 662 4651 noscimus
687 4613 722 4650 ex
756 4597 887 4670 reliquae
903 4594 969 4651 edd.
985 4607 1052 4654 ante
1070 4598 1207 4653 boecler.
1222 4609 1267 4669 φο

203 4656 347 4717 asterus
359 4683 387 4735 9,
403 4681 430 4734 9.
446 4611 555 4722 Bolius.
587 4662 670 4721 aeid.
683 4682 722 4720 m.
756 4664 856 4723 minus
872 4662 974 4740 ipsa]
