2624 5176
428 776 862 871 resrtnoura
1150 830 1182 871 a

102 1015 223 1074 resurae:
245 1037 328 1098 mque
352 1038 439 1078 tamen
455 1019 484 1077 hi
501 1019 642 1079 armorum
653 1037 721 1097 ,urit
737 1018 817 1078 multi
826 1019 845 1055 *
858 1019 883 1098 ).
926 1020 1059 1080 Externi
1079 1019 1179 1105 impe-

101 1132 244 1194 ratores,
268 1140 349 1205 qnos
368 1122 541 1195 habemus,
564 1124 695 1187 Aemilii
722 1126 784 1188 effe
807 1124 908 1186 Probi
931 1147 949 1185 a
972 1125 1080 1186 multis
1109 1146 1179 1187 cre-

105 1221 231 1287 duntur.
275 1227 340 1320 Qui
367 1249 461 1291 error
485 1229 560 1292 inde
584 1230 753 1313 provenit,
777 1229 862 1314 quod
879 1230 1013 1291 librario
1030 1231 1065 1291 id
1079 1231 1179 1294 suerit

104 1349 245 1403 nomen,
267 1329 322 1416 qui
348 1335 429 1398 ritas
455 1356 528 1409 cas,
562 1338 679 1420 partim
705 1358 779 1408 sua,
811 1336 926 1420 partim
943 1337 1055 1398 matris
1075 1352 1108 1399 et
1127 1339 1178 1400 ari

108 1455 192 1497 manu
209 1437 364 1524 scriptas,
387 1438 565 1531 Theodosio
586 1443 711 1503 obtulit.
752 1442 825 1502 Hoc
844 1441 886 1501 ita
908 1442 989 1514 elle,
1013 1441 1178 1505 ollenrlunt

107 1539 264 1615 terlicnli,
288 1547 343 1627 qni
360 1546 435 1608 ritis
454 1545 520 1607 illis
543 1547 704 1629 praemitti
720 1547 754 1606 in
772 1550 867 1617 MSS.
889 1547 1001 1607 solent.
1046 1551 1091 1608 Ac
1115 1568 1176 1610 nec

62 1634 65 1673 ¹
110 1648 291 1724 Aemilium,
314 1670 375 1713 nec
399 1640 608 1712 Theodosium
635 1652 705 1712 aevi
737 1672 944 1734 quemquam,
979 1673 1090 1714 corum
1112 1654 1175 1715 elic

112 1751 260 1813 librorum
280 1771 462 1830 auctorem,
485 1756 609 1818 abunde
634 1756 740 1838 arguit
762 1778 842 1838 pura
859 1770 892 1816 et
908 1760 1048 1819 Romana
1064 1757 1175 1820 dictio.

111 1855 263 1942 0piuetur
279 1861 411 1945 aliquis,
433 1875 469 1923 ut
484 1865 611 1946 'l'rogus
627 1861 665 1922 ab
683 1857 821 1934 Justino,
846 1861 888 1921 ita
904 1861 942 1922 ab
957 1863 1107 1938 Aemilio,
1121 1865 1177 1948 qui

678 1969 686 2003 s

133 2055 239 2128 Operis
255 2057 445 2129 inscriptione
463 2057 498 2113 tle
514 2052 684 2115 illustribus
705 2061 842 2133 cuiusque
865 2062 981 2133 generis
993 2062 1066 2116 viria
1086 2080 1102 2116 e
1142 2083 1174 2119 o·

131 2140 201 2177 nere
216 2141 249 2179 se
270 2127 363 2189 velle,
381 2127 581 2199 significasset,
600 2128 714 2181 adeam
732 2130 830 2201 operis
849 2129 889 2182 sui
906 2141 1034 2202 partem,
1053 2146 1109 2203 qua
1135 2150 1175 2184 m·

132 2203 301 2261 peritorum
324 2194 401 2247 vitae
423 2194 753 2268 comprehenderentur,
784 2198 949 2251 transiturus
969 2216 1026 2251 non
1044 2200 1108 2252 sane
1126 2217 1175 2253 ne·

133 2260 203 2313 cese
224 2260 351 2315 habebut
373 2260 491 2326 dicere,
518 2279 548 2316 se
571 2279 603 2315 ex
627 2263 740 2318 infinito
762 2268 873 2318 Ducum
894 2283 1015 2318 nurnero
1040 2285 1101 2321 non
1116 2268 1177 2323 nisi

132 2331 369 2399 praestantiores
386 2341 677 2384 commemoraturum
694 2333 758 2396 ell'e,
779 2350 867 2403 quum
882 2331 1174 2408 huclectorumquis·

131 2413 187 2466 quc
200 2398 249 2450 sua
259 2400 360 2471 l'poate
374 2398 537 2471 intelligere
545 2398 691 2479 pollet.Ut
704 2399 792 2472 igitur
801 2398 925 2452 llanuib.
936 2402 1010 2467 1³³4·
1020 2398 1174 2457 aalRomc·

131 2482 240 2519 norum
258 2466 302 2521 im
324 2473 457 2522 emtores
481 2464 665 2537 explicandos
681 2484 711 2520 ec
725 2466 850 2520 transire
866 2466 1175 2540 simpliciterscripsit,

131 2533 168 2585 ita
184 2551 243 2587 nou
264 2484 367 2588 dubito
383 2536 453 2606 quin
469 2533 553 2586 ctiam
567 2533 596 2584 iu
611 2534 805 2589 Praesationis
819 2535 875 2586 stuc
891 2532 1010 2587 eandem
1028 2538 1173 2589 rationem

107 2612 243 2654 ·secutus
266 2603 319 2667 sit,
344 2613 372 2654 et
392 2607 426 2658 in
450 2601 506 2655 boc
521 2599 598 2656 libro
616 2601 654 2663 (i.
673 2619 698 2654 e.
718 2602 811 2655 inhac
825 2602 989 2656 Voluminis
1008 2607 1111 2672 parte)
1129 2602 1174 2659 de

130 2678 381 2726 externorum
400 2688 429 2725 sc
449 2671 668 2740 Imperatorum
684 2671 745 2724 uita
767 2669 974 2741 expositurum
993 2672 1171 2743 significare-

129 2739 176 2790 rit.
213 2739 257 2790 lta
279 2738 392 2791 demum
409 2749 475 2791 uter
498 2755 532 2790 ue
554 2738 633 2790 locus
655 2749 787 2791 accurato
805 2738 861 2791 sibi
883 2739 1057 2809 respondet,
1077 2756 1171 2811 neque

130 2824 204 2878 opus
217 2817 299 2870 erat,
319 2807 349 2859 in
365 2807 465 2879 priore
476 2756 549 2860 loco
568 2822 670 2856 rocem
685 2804 896 2861 excellentium
912 2805 1057 2870 adjicere,
1084 2824 1171 2878 apuam

129 2874 158 2926 in
176 2875 339 2946 posteriore
355 2875 440 2927 etiam
456 2874 580 2929 omissam
598 2873 650 2925 else
665 2873 804 2928 videmus.
842 2876 950 2926 Verum
972 2892 1060 2944 qiaim
1074 2876 1170 2928 Aemi.

127 2941 183 2994 lius
199 2944 314 2996 Probus
332 2945 544 3014 Imperatorum
560 2945 585 2994 V
589 2939 640 2993 itas
662 2958 677 2992 a
696 2942 816 3014 reliquis
833 2941 1021 3022 segregasset,
1046 2952 1075 2994 ct
1090 2943 1168 3013 sepa-

128 3010 214 3063 ratim
228 3013 365 3083 evulgare
374 3010 564 3073 constituisset,
575 3019 631 3062 tutu
642 3025 712 3062 vcro
720 3011 857 3062 Lectores
873 3027 901 3061 m
910 3009 1096 3063 Pt’acsationc
1108 3027 1168 3061 mo·

127 3078 214 3132 neusli
236 3092 336 3141 crant,
362 3077 398 3133 de
416 3076 697 3134 excellentium
717 3078 934 3149 Imperatorum
950 3077 1009 3129 vitu
1027 3076 1117 3128 libros
1134 3076 1167 3126 il.

127 3146 173 3199 los
196 3147 320 3218 scriptos
343 3148 406 3199 else.
452 3148 586 3200 Ceterum
605 3143 721 3209 nescio,
757 3164 808 3198 cur
827 3144 938 3194 lollius
962 3141 1168 3198 ceterislibris

129 3214 164 3266 ile
183 3216 322 3269 Romanis
346 3215 571 3286 imperatoribus
590 3213 673 3281 egisse
688 3212 855 3265 Cornelium
874 3210 998 3270 scribat,
1016 3228 1100 3281 quem
1115 3229 1166 3284 po.

130 3283 204 3343 tius,
233 3294 266 3336 ut
281 3295 414 3337 externos
431 3281 536 3344 disces,
561 3281 599 3333 ita
616 3284 760 3333 Romanos
781 3278 884 3341 etiam,
910 3298 968 3332 imo
985 3277 1062 3333 libro
1079 3296 1166 3351 expo-

127 3352 213 3403 suisse
229 3351 328 3405 credo.
363 3353 445 3403 Hunc
469 3338 657 3420 autcm‘quin
680 3347 848 3400 Plutarchus
866 3346 991 3409 viderit,
1019 3359 1105 3418 atquc
1121 3364 1165 3411 ea,

128 3436 206 3490 quae
220 3423 334 3490 Fragm.
351 3420 461 3491 Cape.
478 3436 554 3470 num.
567 3439 589 3472 1.
609 3416 644 3469 ile
662 3415 799 3482 Lucullo,
819 3424 847 3467 ct
860 3417 956 3482 erili·
975 3414 1010 3468 ‹lc
1025 3415 1164 3470 Marcello

126 3499 300 3551 narrantur,
322 3486 388 3541 inde
404 3484 628 3558 transcripserit,
648 3482 775 3537 dubitari
790 3498 847 3536 non
861 3483 962 3554 potest.
996 3485 1032 3537 Et
1054 3483 1164 3548 riescio,

126 3572 162 3608 an
181 3553 228 3619 it,
250 3555 329 3628 quod
342 3559 454 3627 Fragm.
470 3572 533 3624 cap.
557 3572 596 3606 tr.
619 3570 696 3606 num.
714 3570 737 3604 a.
757 3550 792 3604 de
805 3544 926 3622 Augusto
944 3550 1088 3615 traditur,
1115 3566 1163 3603 eo-

127 3622 192 3676 dem
217 3641 253 3676 ex
274 3623 352 3677 libro
377 3625 496 3677 sumtum
523 3623 569 3676 sit.
608 3619 784 3673 tf'tiamtutti
808 3619 955 3685 Caesaris,
991 3617 1163 3689 aCornelio

127 3692 282 3763 scriptam,
309 3702 513 3747 commemorat
542 3685 705 3746 Gulielmus
729 3687 837 3743 Pastre
861 3688 921 3742 icus
945 3687 1162 3757 (Pallrcngusb

127 3760 326 3823 Veronensis,
352 3763 504 3816 Sacarum
531 3761 583 3813 scri
608 3768 671 3823 tor,
697 3757 726 3810 in
746 3704 864 3812 estetsi>
887 3753 1104 3827 ‹leorr'ginibus
1120 3773 1162 3810 re-

128 3847 213 3892 rum,
233 3829 365 3883 venetiis
381 3847 407 3883 a.
428 3834 500 3896 ¹547·
519 3829 545 3881 8.
562 3845 577 3880 c
600 3826 659 3890 ito,
677 3842 741 3943 pag.
763 3843 803 3892 ¹7·
824 3828 943 3902 Locus,
961 3841 1045 3942 ‹puem
1061 3833 1163 3902 rogatu

127 3914 193 3951 meo
210 3915 242 3950 ex
262 3897 370 3970 Regiae
384 3897 547 3951 Parisrcnsis
567 3894 675 3948 Bibliot
688 3910 766 3946 icccc
790 3891 943 3962 creinplarr
959 3891 1109 3962 rescripsit
1128 3891 1159 3944 C.

126 3966 159 4019 B.
178 3965 300 4027 llasius,
321 3964 491 4019 doctillimus
508 3964 634 4037 miliique
653 3959 829 4014 amicissimus
847 3963 909 4023 vir,
928 3958 1033 4012 hiccila
1057 3962 1162 4013 Corne-

128 4030 186 4089 lius
211 4036 308 4101 Nepos
330 4031 380 4088 lib.
400 4032 494 4089 edidit
523 4035 568 4088 De
599 4033 674 4087 Viris
690 4026 871 4085 illustribust
900 4025 1027 4099 Scripsit
1044 4032 1072 4081 et
1090 4024 1163 4082 tulit

129 4102 213 4159 Gnes-
231 4104 324 4159 uitam
344 4111 373 4158 et
394 4111 548 4174 tempora,
577 4096 660 4172 cujus
673 4097 766 4169 fulsit
791 4095 998 4174 temporibus.¹
1017 4094 1159 4174 saltrcngi

128 4169 219 4240 igitur
232 4181 325 4225 aetate
339 4172 466 4226 Caesaris
478 4171 555 4234 vita,
576 4188 592 4223 a
608 4173 719 4240 Nepote
734 4167 913 4237 conscripta,
937 4163 1063 4242 exstitisse
1081 4160 1158 4242 virle:

129 4247 192 4301 tur,
214 4250 243 4293 et
265 4256 332 4375 caup
353 4239 457 4294 Caesar
476 4241 506 4292 in
525 4240 720 4293 Romanorum
743 4235 952 4307 Imperatorum
969 4234 1053 4310 Vitis
1064 4240 1157 4284 omitti

128 4307 305 4379 nonpotuit.

114 4415 144 4481 ⁸)
168 4412 284 4486 [Voffio
298 4417 351 4471 bac
367 4417 453 4469 utiam
469 4418 499 4469 in
517 4433 548 4469 rc
563 4414 698 4468 asentior
713 4420 814 4465 contra
831 4408 953 4472 Rullum,
972 4406 1021 4478 qui
1037 4403 1073 4459 ad
1085 4407 1155 4476 Reg.

131 4504 155 4545 1,
168 4504 189 4536 1.
211 4484 335 4538 aliorum
348 4485 465 4557 scripta,
483 4503 541 4538 non
560 4483 688 4538 Cornelii
703 4480 827 4541 librum,
846 4477 881 4530 de
894 4478 1002 4548 Regum
1015 4473 1156 4553 rebussse-

127 4552 172 4605 sis
188 4553 310 4626 intelligi
329 4554 418 4607 malit.
453 4553 596 4608 Moschici
630 4568 724 4622 uoque
742 4547 832 4603 Vossii
848 4544 1014 4598 sententiam
1029 4543 1158 4614 sequitur

127 4620 157 4672 ia
180 4622 415 4686 Dill'ertationis,
449 4623 533 4694 supra
567 4570 713 4699 laniatae,
751 4614 855 4688 insigni
886 4615 952 4667 loco
982 4625 1087 4694 pepp,
1111 4626 1154 4683 eq.

126 4706 214 4762 ,spaera
228 4690 284 4744 huc
297 4690 493 4745 transcribere
506 4704 615 4763 operae
626 4698 752 4762 pretium
767 4694 852 4747 ests„
871 4681 970 4735 Solent
984 4686 1156 4749 interpretes
