2624 5176
385 408 389 415 “
847 420 854 438 a

933 484 939 503 a

106 782 173 824 unt
419 755 870 821 TESTIMONIA.

112 888 1174 921 ..ΜΨ-Ἣ

186 979 288 1061 Igitur
302 940 583 1079 probabilissimum
598 972 659 1057 jam
673 976 793 1048 habeo,
816 989 978 1038 auctorem
989 975 1129 1040 nostrum
1138 979 1177 1039 in

105 1085 181 1148 vitia
203 1085 428 1168 imperatorum
451 1084 648 1167 exponendis
665 1082 827 1145 civitatum
842 1081 999 1167 mendam
1024 1082 1174 1145 ordlutm

107 1191 254 1252 servasse.
295 1191 338 1250 Et
361 1188 457 1272 primi
482 1186 608 1273 quidem
634 1186 835 1272 ponebantur
858 1189 905 1250 illi
933 1188 1174 1252 Atheniensium

107 1297 205 1359 ducet
228 1311 382 1380 perpetua
405 1295 509 1358 serie:
528 1294 709 1367 Miltiaden,
733 1293 979 1369 Themistoclea,
1002 1294 1171 1367 Aristides,

106 1401 237 1474 Cimon,
260 1401 461 1496 Alcibiades,
483 1401 710 1482 Thrasybulus,
734 1403 856 1475 Conon,
878 1400 1067 1485 Iphicrates,
1090 1401 1174 1462 Cha-

105 1508 210 1580 briaa,
234 1507 439 1578 Timotheus,
466 1505 622 1568 Phocion.
664 1509 724 1568 Hia
743 1509 824 1570 alios
843 1505 978 1569 totidem
996 1526 1036 1568 ex
1050 1507 1172 1568 ceteri·

106 1614 289 1676 civitatibus
305 1613 447 1675 externis
471 1612 698 1697 conquirebat,
722 1614 939 1697 excitabatque
957 1633 997 1676 ex
1011 1611 1173 1675 Lacedae·

93 1714 230 1781 'moniis'
247 1719 451 1790 Pausaniam,
480 1718 689 1798 Lysandrum,
721 1718 915 1806 Agesilaum:
953 1740 993 1781 ex
1010 1718 1175 1779 'l'hebania

107 1825 356 1909 Epaminondam
382 1839 414 1885 et
438 1824 643 1907 Pelopidam:
675 1845 715 1886 ex
734 1824 953 1904 Syracusania,
974 1824 1031 1909 qui
1046 1837 1173 1885 erant·

108 1931 285 1992 Corinthiis
304 1931 384 2003 orti,
406 1930 562 1991 Dionem!
591 1950 630 1991 ex
645 1929 718 2013 ipsis
736 1930 927 2002 Corinthiis,
950 1929 1005 2014 qni
1020 1927 1174 1989 maximat

106 2059 161 2101 rea
178 2036 334 2118 Syracusae
350 2032 460 2118 gessit,
491 2035 740 2127 Timoleontama
768 2057 810 2097 ex
833 2036 1058 2099 semibarbaris
1078 2032 1175 2113 (nam

31 2128 34 2135 ⁴
108 2143 321 2206 Cherl'ones‘aa
338 2140 474 2202 'I'hracia
493 2141 648 2204 Graeciae
665 2141 767 2202 sermo
787 2141 1077 2224 annumerabatur)
1096 2143 1176 2204 ear-

108 2249 234 2321 dianum
252 2250 443 2308 Eumenem:
485 2266 523 2307 oc
549 2244 708 2329 postquam
730 2247 784 2309 hic
806 2248 1012 2310 admonuerat
1029 2251 1175 2332 Regma,

109 2375 245 2438 quorum
262 2351 561 2417 commemoraIIone
579 2366 723 2435 tunquam
737 2353 837 2415 limite
857 2354 1022 2428 utebatur,
1043 2374 1085 2416 cx
1101 2354 1177 2415 bar·

108 2459 194 2550 baria
210 2460 271 2540 jam
283 2452 441 2521 arcellivit
455 2456 727 2540 Carthaginienses
739 2461 956 2531 ¹Hamilcarem
969 2473 1003 2522 ct
1011 2459 1185 2523 Hannibt·.

108 2566 191 2638 lem,
214 2584 249 2625 ac
265 2576 331 2624 tum
347 2565 488 2646 denique
508 2578 649 2625 extremo
666 2565 737 2625 loco
748 2565 912 2627 Datamem
922 2567 1035 2628 Carem
1045 2565 1175 2647 adjecit·

110 2671 310 2753 Singularem
325 2690 404 2753 ergo
421 2667 597 2751 quendam,
621 2685 655 2732 ut
668 2651 744 2732 hinc
763 2669 866 2754 patet,
891 2669 1050 2733 delectum
1064 2676 1177 2756 Nepet

109 2776 227 2837 habuit.
276 2781 348 2838 Non
370 2777 455 2836 enim
482 2795 592 2838 omnes
615 2777 741 2841 volebat
763 2778 924 2861 explicare
948 2778 1174 2862 imperatores,

108 2880 183 2955 sed,
206 2896 241 2944 ut
256 2882 323 2966 ipse
338 2882 399 2956 ait,
422 2863 585 2943 excellentes.
943 2874 950 2881 ⁴

188 3056 362 3124 Videamus
384 3078 469 3121 nunc
490 3055 567 3141 jam,
599 3074 705 3124 utrum
727 3063 836 3144 Nepos
863 3053 1035 3122 restitutam
1056 3054 1180 3124 istamt

109 3162 202 3228 nohis
220 3166 295 3228 libri
311 3167 545 3229 ordinationem
562 3181 596 3228 nt
609 3187 717 3230 veram
733 3181 765 3230 et
780 3167 863 3228 suam
877 3180 1036 3251 agnoscat.

190 3295 335 3362 Ostendit
355 3301 465 3382 operia
494 3298 669 3382 praelatio,
707 3311 869 3358 auctorem
886 3294 1059 3371 molinam,
1095 3293 1181 3359 sicut

110 3403 165 3464 alii
177 3401 319 3465 historici
337 3404 505 3475 secarunt,
532 3404 742 3466 Athenienses
758 3424 829 3465 cum
845 3403 1107 3465 Lacedaemoniis
1124 3422 1179 3465 cc·

111 3508 189 3569 teria
206 3508 360 3570 Graeciae
376 3510 481 3592 gentis
501 3510 682 3572 ciuitatibus
697 3509 934 3593 praehabuisse3
955 3531 995 3573 cx
1007 3509 1058 3570 hia
1071 3522 1180 3570 autem

111 3613 191 3696 ipaia
211 3613 336 3674 duobus
353 3614 609 3698 praerogativam
621 3614 863 3679 Atheniensibus
879 3615 1052 3678 detulisse..
1066 3612 1188 3677 Tacite:

110 3716 145 3779 id
159 3719 337 3780 declaratur
355 3719 574 3803 exemplorum
593 3721 726 3794 ordine,
758 3723 873 3805 quihus
890 3723 936 3784 ibi
951 3722 1051 3783 utitur
1069 3725 1190 3805 Nepoti

110 3820 149 3882 ad
171 3845 278 3889 morea
299 3824 471 3905 Graiorum
501 3824 709 3891 denotandae.
764 3831 851 3890 Huic
881 3829 988 3912 igitur.
1002 3827 1190 3891 renuntia·-

111 3913 306 3991 conveniena
318 3947 409 4005 erat,
432 3947 466 3996 ut
486 3934 715 4018 imperatorum
732 3956 859 4020 qnoque
875 3932 1112 3996 Atheniensium
1130 3933 1191 3995 nim

110 4045 157 4096 tas
182 4033 288 4117 primo
317 4035 390 4132 loco
422 4054 569 4122 poneret.
613 4042 761 4105 Servavit
793 4042 885 4104 idat
908 4039 1030 4101 ordini·
1055 4034 1191 4123 antiqui·

11 4160 14 4167 ·
112 4138 309 4205 adulterator
327 4140 509 4218 Chronista,
531 4147 674 4230 quamvis
693 4147 753 4207 alia
768 4148 892 4209 ratione
908 4144 1040 4216 dactus,
1054 4145 1097 4205 -iu
1105 4144 1182 4206 Mil·

111 4245 216 4320 tiade,
245 4245 473 4324 Themistocle,
505 4266 538 4312 et
558 4249 717 4323 Aristide,
748 4252 895 4314 continua
917 4249 999 4312 serie
1023 4248 1062 4310 ab
1084 4250 1191 4312 initio,

111 4351 232 4436 positia.
273 4354 400 4418 Deinde
421 4368 525 4419 autem
544 4357 584 4418 ad
603 4357 831 4441 chronologiae
844 4366 989 4419 nonnam
1007 4357 1115 4417 locum
1132 4356 1181 4418 Ie·

114 4461 159 4522 eit
173 4459 344 4523 Pausaniae
363 4463 537 4546 Spartano,
570 4484 665 4546 quem
678 4461 731 4525 vel
749 4464 816 4547 ipsa
834 4464 1009 4551 expositio,
1033 4460 1100 4526 ssilc
1124 4462 1190 4526 alim

114 4579 263 4671 ‹puantum
283 4566 452 4632 floridiore
469 4583 640 4654 concepta,
668 4570 773 4655 arguit
791 4591 856 4632 non
872 4574 1023 4634 continuo
1034 4585 1191 4654 tempore:

1091 4695 1164 4741 cum
