2624 5176
155 150 221 190 ron
469 118 925 183 TESTIMONIA.

156 361 227 400 rum
246 359 398 398 annormn
422 338 624 406 memoriam,
648 353 764 416 resque
788 330 886 415 gestas
902 333 1045 393 virorum
1059 334 1146 395 domi
1165 335 1227 394 mi-

156 442 309 527 litiaeque
328 440 493 504 illustrium
514 436 661 503 breviter
681 439 860 522 colligavit,
884 439 992 502 Plinio
1010 439 1129 503 minori
1148 436 1227 520 (cui

157 548 259 610 Aldus
286 547 446 609 Manutius
477 544 706 629 adscripscrat)
746 545 899 618 ablatum,
935 547 1053 630 Nepoti
1070 545 1229 610 Cornelio

157 655 331 717 multorum
353 652 500 735 ingratiis
521 649 782 733 inscripserunt,
798 664 832 712 et
856 670 896 712 ex
920 633 1174 737 Caecilia'g'eute
1190 647 1227 713 ἱιι

127 750 359 833 *Corneliam
381 758 510 820 obtorto
535 755 635 828 collo,
658 755 726 817 ltali
744 755 871 840 quidam
890 755 1060 830 censores,
1084 756 1227 819 Hermo·

160 864 229 928 laus
250 865 429 938 Barbarus,
470 866 569 927 ‚Ianus
597 861 797 936 Parrhasius,
833 864 1025 926 Catellianus
1050 863 1165 938 Cotta,
1184 862 1227 924 'ot

159 973 349 1039 Dominicus
369 968 580 1044 Machameus,
604 970 721 1053 aliique
737 969 953 1052 traduxerunt.
995 969 1061 1034 Sed
1078 969 1228 1032 neutrius

2 1142 10 1149 ,
75 1098 80 1105 “
115 1062 121 1083 ’
161 1078 240 1144 mihi
260 1077 383 1151 rideri,
406 1075 572 1138 admodum
592 1075 779 1138 adolescens
795 1075 889 1137 docui
906 1074 1052 1160 singulari
1067 1076 1229 1138 commin

161 1205 234 1246 eum
251 1198 412 1246 auctorem
430 1183 549 1256 Duaci,
572 1196 604 1245 et
618 1184 763 1245 Lutetiae
778 1181 882 1247 edito:
904 1196 936 1244 et
951 1180 1228 1243 erratorumlilsr.

161 1288 226 1351 lide
241 1291 462 1370 rationumque
478 1290 647 1350 momentis
667 1292 730 1350 Sex.
748 1287 860 1350 Aurelio
881 1290 984 1348 Victori
991 1287 1061 1369 jure
1074 1285 1230 1371 postlimi-

159 1396 208 1457 nii
230 1393 447 1455 reddidimus:
470 1393 559 1473 eujus
583 1409 615 1456 et
641 1393 801 1456 historiam
822 1393 989 1477 Augustam
1012 1407 1084 1457 ante
1106 1414 1158 1457 me
1171 1416 1229 1457 na·

161 1513 228 1561 tum
248 1519 418 1582 nusquam,
442 1497 527 1581 quod
544 1498 692 1581 equidem
712 1500 825 1574 sciam,
848 1499 931 1583 typis
947 1502 1124 1584 vulgatam,
1148 1502 1230 1564 Ant·

160 1605 293 1688 verpiae
308 1602 404 1687 primi
425 1603 595 1665 edidimus.
639 1605 745 1701 Quare
770 1619 805 1666 ut
829 1602 883 1666 illa
904 1606 1044 1668 Aemilio
1071 1604 1232 1693 adscripta

162 1710 297 1796 Nepotis
313 1710 375 1772 elle
392 1718 502 1788 puriora
515 1713 703 1794 pronuntio,
733 1713 776 1773 ita
790 1714 879 1774 uiros
896 1709 1032 1774 illustres
1049 1712 1157 1775 eidem
1173 1712 1231 1775 alr*

161 1818 281 1899 judico.
323 1814 388 1878 Sed
404 1814 473 1875 sunt
487 1829 519 1876 et
535 1817 594 1876 alia
613 1817 733 1900 spuria,
757 1834 789 1880 et
809 1818 961 1881 Cornelio
971 1818 1112 1903 indigna.
1133 1822 1241 1893 Dare,
1260 1892 1264 1897 ¹

163 1929 201 1984 ris
214 1924 299 1985 enim
314 1921 429 2003 Phrygii
444 1920 669 1983 circumfertur
689 1924 721 1982 de
736 1923 803 1983 bello
828 1924 963 2007 Trap'auo,
986 1925 1039 1986 eui
1049 1926 1231 1991 intersui'll'e

61 2035 68 2061 ⁴
163 2029 304 2100 dicitur,
325 2025 471 2100 historia,
493 2048 586 2110 quam
609 2028 711 2111 Raph.
734 2030 964 2094 volaterranus
985 2052 1042 2094 sax
1055 2034 1232 2097 carminum

164 2136 256 2199 libris
276 2135 404 2219 (quiet
427 2151 497 2192 oum
513 2133 608 2214 Diety
623 2137 770 2200 Cretensi
789 2137 884 2220 vulgo
900 2138 1070 2222 leguntur)
1092 2160 1232 2204 eonver-

163 2242 234 2303 tiss'e
251 2246 408 2325 Nepotem
426 2237 580 2315 tradidit3
623 2239 738 2322 quibus
761 2254 794 2303 et
824 2238 918 2325 prosa
941 2243 1086 2308 oratione
1105 2252 1232 2308 numano

164 2349 262 2409 assidit
280 2347 378 2427 Trojae
402 2344 637 2427 praemittitur,
659 2366 752 2431 quam
773 2362 805 2410 et
822 2348 938 2432 ipsein
955 2350 1119 2413 veteribus
1135 2351 1233 2415 libris

165 2454 260 2514 etiam
284 2454 345 2514 soli
369 2450 495 2511 Cornelio
510 2446 634 2512 c'uidam
648 2452 830 2536 inscriptam
848 2454 925 2516 vidi.
960 2455 1058 2518 Stilus
1078 2455 1152 2520 sane
1166 2436 1234 2521 uon

166 2557 210 2619 est
222 2578 334 2619 aureae
356 2552 442 2618 illius
460 2558 582 2631 aetatis,
605 2559 721 2620 nodum
735 2560 889 2632 Cornelii,
912 2560 1000 2642 cujus
1016 2562 1233 2646 eloquentiam

162 2664 307 2734 Tullius,
330 2664 544 2724 Romanorum
562 2665 798 2739 disertissimus,
823 2667 966 2742 laudarit,
983 2689 1086 2753 eoque
1100 2671 1232 2735 nomine

163 2765 351 2828 carissimum
371 2768 528 2830 habuerit.
570 2770 675 2832 Fuisse
698 2772 828 2857 quidem
848 2776 992 2840 Homero
1016 2777 1233 2860 antiquiorem

164 2874 354 2958 scriptorem
374 2874 522 2945 Daroma,
544 2875 669 2937 Aeliani
687 2881 891 2953 auctoritate,
914 2893 946 2942 et
967 2883 1009 2944 D.
1032 2879 1140 2944 lsrdori
1165 2904 1233 2947 non

164 2979 304 3042 infitior:
327 2977 385 3040 sed
399 2979 493 3041 hicne
515 2981 599 3042 liber
616 2982 670 3044 ille
687 2984 746 3056 sit,
780 2987 834 3069 qui
852 2985 892 3048 ad
910 2987 1035 3049 Aeliani
1057 3008 1160 3073 usque
1178 3008 1233 3051 ae·

164 3100 260 3150 tatem
282 3085 424 3157 durarit,
446 3085 653 3149 vehementer
675 3089 797 3154 dubito.
841 3095 894 3156 Sic
915 3114 994 3157 vero
1018 3095 1072 3155 ille
1092 3092 1167 3156 libr.
1183 3116 1232 3156 ιι.

163 3193 270 3258 variae
284 3189 392 3252 histor.
413 3199 472 3263 Τὸν
488 3204 596 3277 Φρύγα
618 3209 650 3262 ot
671 3209 814 3280 Δάρητα,
841 3206 876 3270 οὗ
896 3216 1033 3289 Φρυγίαν
1054 3217 1160 3275 madon
1189 3217 1233 3274 ἔτι

163 3299 215 3352 aral
229 3303 280 3353 νῦν
293 3296 527 3366 ἀποσωὲοιιένην
546 3295 616 3356 olda
624 3306 711 3375 ,πρὸ
726 3307 835 3381 'Oualpa
854 3317 905 3369 aar
922 3320 1006 3370 τῦτον
1021 3316 1164 3387 γενέσέὶαι
1181 3316 1231 3371 λέ·

165 3407 244 3467 paor.
315 3389 458 3453 Sallustio
483 3392 517 3453 id
543 3414 623 3479 opus
649 3400 779 3462 nothum
803 3419 836 3466 et
861 3407 1061 3490 illegitimum
1083 3408 1232 3481 falsarius

165 3492 241 3566 ille,
263 3495 409 3580 quisquis
426 3497 455 3559 is
479 3496 539 3573 alt,
561 3501 613 3562 lea
593 3524 633 3586 ge
654 3508 818 3585 Cornelia,
842 3535 870 3574 ιιι
861 3512 1155 3598 ’,ἆοριοίιοιιᾶειιιιι
1170 3538 1231 3600 pu·

165 3599 321 3674 uiendus,
344 3602 508 3689 inscripsit.
540 3606 644 3702 Quem
661 3614 790 3697 quidem
805 3618 960 3703 Crispum,
976 3623 1069 3682 Rom.
1080 3621 1231 3687 historiae

166 3706 365 3792 principem,
401 3709 494 3773 initio
518 3710 618 3779 llatim
641 3718 753 3783 rustice
781 3738 814 3785 et
840 3725 948 3811 inepte
973 3728 1134 3813 appellat:
1166 3730 1233 3803 Cui,

167 3811 291 3897 inquit,
313 3814 381 3876 nalal
387 3817 574 3897 adjiciendum,
595 3843 643 3885 aur
657 3828 867 3907 diminuendam,
882 3855 922 3894 rer
918 3835 1121 3918 'forrnidandae
1136 3834 1232 3912 (fort

160 3919 339 4010 firnmrrdoe)
354 3920 552 4008 muffaputaoi,
568 3927 687 4014 alioquin
702 3955 786 3997 meum
796 3936 845 4018 effe
858 3937 940 4022 poffer
953 3938 1084 4003 dubitari.
1107 3943 1232 4011 Verum
