2624 5176
1 787 2 792 a
107 763 174 805 uu
194 736 432 802 nrmcsrro
448 737 666 803 nntrroms
686 708 869 803 sruvmi.
892 716 1131 803 sncuunn'n.

106 870 1183 907 mm

106 957 192 1041 typis
209 956 399 1041 descriptam
420 956 606 1024 Editiouem
622 960 668 1023 uti
690 978 856 1032 curarem,
888 955 1079 1043 Vobisque,
1106 934 1189 1023 Vror

39 1086 41 1091 ’
106 1065 340 1138 Nocturnum,
369 1064 571 1143 dedicarem,
602 1068 695 1129 enixe
716 1066 860 1148 rogavit,
883 1064 918 1125 in
937 1065 1041 1129 Vobis
1060 1066 1191 1127 scilicet

87 1166 219 1233 usim
238 1172 341 1235 Dotes
365 1193 402 1235 ac
425 1174 572 1239 Virtutes
599 1190 721 1235 summo
743 1190 844 1256 opere
861 1170 1013 1233 admirari
1032 1192 1068 1235 ac
1087 1140 1197 1235 rene-¹

105 1278 175 1339 rari
202 1277 328 1341 solitus.
390 1284 503 1365 Neque
531 1301 593 1364 ego
614 1280 698 1347 Viro
722 1277 936 1351 amicissimo,
973 1278 1190 1363 Praeceptori

108 1382 186 1445 olim
208 1406 302 1460 meo,
332 1407 452 1473 negare
477 1385 619 1449 sustinui.
683 1381 834 1460 Addendi
862 1404 938 1446 sune
963 1384 1188 1476 tollendique‚

108 1508 191 1572 quae
213 1491 349 1566 vellem,
386 1490 572 1577 potestatem
598 1492 677 1554 mihi
703 1491 826 1555 fecerat
852 1492 1097 1577 amplissimam:
1129 1489 1190 1551 sed

108 1593 225 1657 eodem
249 1612 363 1662 tenore
390 1602 514 1685 reliqua
542 1599 708 1662 absolvere
735 1598 832 1659 malui
851 1622 878 1671 ‚·
910 1597 1057 1660 codicem
1084 1595 1188 1669 adeo,

18 1687 23 1697 ⁸
107 1701 215 1785 Ipsius
229 1726 335 1767 -munu
360 1707 460 1769 variis
484 1708 520 1769 in
546 1707 631 1769 locis
657 1716 841 1768 correctum
865 1716 898 1765 et
918 1717 1063 1776 auctum,
1094 1701 1190 1785 sequi

109 1823 290 1897 contentus.
333 1813 545 1876 Uberioribus
564 1813 652 1875 enim
675 1804 767 1873 liisoe
791 1809 1049 1872 adnotationibus
1070 1830 1112 1871 ne
1130 1830 1190 1871 ro·

109 1914 218 1979 lumen
237 1918 272 1980 in
295 1921 424 1982 nimiam
447 1922 566 1982 molem
584 1930 810 1994 excresceret3
850 1917 985 1978 oliorum
1008 1922 1067 1996 (et
1084 1916 1118 1976 in
1135 1914 1189 1976 his

109 2023 209 2103 Bosir',
247 2029 372 2106 Errrstii,
406 2027 569 2109 Gebhardi)
593 2023 766 2111 quaedam,
799 2045 919 2109 suaque
939 2023 1100 2087 recideret
1122 2043 1190 2084 non

109 2148 221 2211 pauca.
262 2130 426 2196 Hactenus
450 2132 600 2218 equidem
619 2130 731 2215 operis
747 2133 906 2194 rationem
924 2129 1064 2193 reddidi.
1117 2132 1189 2194 Vos

109 2249 233 2311 eutem,
273 2240 352 2305 Vrm
386 2234 624 2315 *Nonrmssnrm
662 2239 726 2301 hoc
750 2241 989 2313 venerationis,
1026 2258 1087 2321 qua
1105 2236 1190 2310 Vos,

111 2339 186 2403 dum
205 2343 238 2406 in
255 2346 340 2409 viris
358 2348 453 2421 ess'et,
484 2347 637 2432 proloqui
659 2347 744 2409 haud
765 2343 884 2407 destitit
905 2344 1103 2408 clarissimus
1121 2346 1190 2405 Au·

112 2461 202 2524 ctor,
232 2453 349 2537 pignus
367 2455 525 2539 accipite3
554 2474 670 2538 meque
689 2451 876 2519 Vestrorum
892 2454 1064 2514 Nominum
1081 2452 1190 2515 since·
1221 2464 1224 2469 '

113 2557 161 2620 ris
184 2560 363 2622 cultoribus
383 2580 593 2621 annumerare
612 2559 768 2643 pergite,
809 2559 871 2620 Rei
889 2559 1044 2621 Publicae
1062 2578 1098 2621 ac
1116 2563 1189 2622 Mu-

115 2686 220 2726 sarum
241 2666 327 2732 bono
345 2668 400 2730 diu
420 2663 606 2752 superstites
624 2678 658 2728 et
679 2663 877 2730 incolumes!
