2624 5176
118 797 221 839 actm
446 765 870 854 reuersi-oute.

139 897 1183 934 ..⁴----q--———-,·------·——------··-

425 1048 499 1154 o.
526 1080 559 1151 r.
586 1044 861 1157 vos's1us

269 1197 341 1281 uls.
355 1214 380 1278 1.
397 1226 448 1279 on
466 1224 681 1280 utsromcro
700 1223 846 1280 terrers
867 1219 950 1279 oue.
963 1222 1040 1279 inv.

199 1342 438 1408 CORNELIUS
460 1343 601 1407 NEPOS
626 1355 659 1403 et
682 1358 754 1405 ante
772 1340 915 1405 Caesaris
932 1326 1139 1415 dictaturam,
1156 1352 1190 1401 et

118 1471 158 1512 eo
177 1450 350 1523 dictatore,
386 1463 418 1512 et
443 1448 566 1533 polleo,
602 1450 693 1512 vixit.
736 1430 951 1529 Hieronymus
975 1447 1009 1508 in
1029 1446 1195 1537 Chronico

42 1560 46 1578 ¹
117 1556 298 1618 Eusebiano
326 1558 428 1619 refert
455 1558 544 1627 illum
567 1555 606 1616 ad
631 1576 746 1616 annum
770 1552 900 1639 Augusti
926 1570 1082 1638 quartum.
1123 1557 1192 1616 Nec

117 1663 264 1752 cuiquam
280 1683 475 1746 repugnem,
499 1661 665 1745 colligenti
683 1660 779 1732 inde,
802 1674 867 1721 turn
879 1660 1007 1722 demum
1023 1658 1191 1742 divulgare

57 1830 62 1839 ὁ
116 1790 153 1831 en
172 1770 311 1851 coepille
333 1789 450 1852 opera,
474 1766 589 1853 quibus
607 1766 740 1827 maxime
755 1765 916 1828 inclaruit.
956 1760 1123 1827 Padierat
1139 1783 1192 1824 ac·

115 1876 196 1949 cola,
219 1874 296 1937 telle
311 1875 420 1935 Plinio
434 1874 492 1935 lib.
503 1892 554 1934 ιιι.
577 1886 747 1955 eavarn.
769 1868 854 1933 unde
867 1872 1006 1945 Catullo,
1029 1871 1190 1954 epigram-

114 1990 202 2044 mate
213 1983 338 2066 primo,
361 1976 476 2052 Italus,
505 1979 647 2039 Ausonio
665 1993 769 2040 autem
787 1978 875 2062 epill.
893 2000 978 2042 xxiv.
1001 1977 1112 2039 Gallus
1135 1997 1190 2036 vo-

113 2094 214 2146 catur.
256 2090 382 2170 Nempe
395 2085 468 2169 quia
484 2085 571 2145 ltalia
586 2085 811 2167 Transpadana
829 2084 993 2146 diceretur
1008 2085 1111 2147 Gallia
1123 2088 1190 2147 'Po-

113 2205 194 2273 gata.
236 2191 383 2253 De'u'rbe
397 2191 499 2274 patria
517 2188 685 2273 quicquam
707 2208 742 2250 se
758 2190 878 2251 habere
894 2192 1070 2275 comperti,
1092 2205 1191 2274 negat

111 2295 199 2358 Elias
214 2296 395 2360 Vinctusin
410 2294 528 2357 Aulon.
554 2294 719 2377 Idyll.r11.
762 2297 806 2358 At
832 2297 1053 2362 Veronensem
1080 2298 1188 2370 seille,

110 2402 145 2461 in
163 2400 303 2463 Leandri
322 2400 448 2462 Albcrti
466 2398 554 2461 ltalia
567 2400 660 2484 lego:
682 2403 728 2463 uti
753 2417 785 2464 et
804 2402 838 2463 in
858 2400 1110 2487 Coemo'graphia
1127 2423 1189 2487 op·

109 2505 179 2567 timi
202 2518 296 2588 atque
316 2505 497 2567 'amicissimi
525 2508 683 2590 quondam
708 2508 790 2581 viri,
812 2507 903 2567 Pauli
923 2509 1078 2570 Merulae.
1118 2510 1190 2569 lmo

109 2633 150 2673 ex
166 2611 395 2675 Veronenlium
409 2610 632 2674 historicorum
650 2614 769 2697 syllabo
791 2597 902 2698 (quern
915 2612 1110 2676 doetillimus
1121 2634 1189 2673 asn-

107 2715 327 2801 pliffimusque
340 2718 522 2780 Alexander
539 2720 709 2793 Becellus',
732 2718 925 2785 Veronensis
945 2718 1187 2780 urhia'Cancel·

15 2814 19 2820 ⁷
61 2876 67 2903 ,
108 2823 227 2895 larius,
248 2816 347 2896 feeit,
365 2844 400 2885 ac
418 2822 637 2886 illustrillimus
654 2826 787 2901 Comes,
811 2825 1000 2888 Fornandus
1013 2822 1185 2905 Negarola,

85 2943 87 2952 ¹
106 2930 178 3003 vir,
201 2943 235 2991 ut
250 2948 382 3013 genere,
407 2931 450 2993 ita
469 2932 648 2993 litterarum
665 2928 785 3007 lludio,
807 2930 1034 3002 nobilillimus,
1058 2948 1130 2989 cum
1141 2928 1184 2993 V.

107 3034 154 3096 Cl.
173 3030 346 3098 Laurentio
365 3038 534 3121 Pignorio,
558 3030 652 3122 atque
669 3038 698 3099 is
715 3060 839 3101 meeum
860 3035 1119 3114 communicavit)
1133 3035 1185 3096 tn·-

106 3137 229 3222 telligo‚
253 3155 359 3203 nutum
373 3143 466 3206 suill'e
484 3150 643 3230 Nepotem
654 3145 688 3205 in
705 3142 857 3206 Hostilia:
880 3144 935 3227 qui
949 3141 1183 3207 Veronenfium

104 3241 195 3305 ricus
213 3244 274 3318 est,
297 3250 429 3326 Tacito,
450 3237 579 3325 Plinio,
604 3248 806 3323 Calliodoro,
837 3263 869 3311 et
889 3249 1052 3310 Antonino
1072 3249 1107 3308 in
1124 3248 1181 3309 lti-

104 3352 234 3410 nerario
250 3369 453 3427 memoratus,
474 3355 636 3441 hodieque
656 3352 878 3418 ecclesiasticae
891 3348 1182 3431 Veronenliumju-

104 3453 289 3516 risdictioni
314 3458 459 3521 subditus
480 3464 533 3542 ⁴³).
583 3461 762 3524 llissoricus
789 3459 843 3521 hic
867 3459 1034 3521 Ciceronis
1057 3460 1180 3552 amicus

118 3654 135 3687 ’
144 3654 156 3719 )
166 3651 347 3722 [Cornelium
355 3655 499 3727 Nepotem
506 3658 703 3712 veronensem
713 3657 794 3712 t'uille
803 3666 832 3711 et
841 3655 976 3710 Hostiliae
983 3664 1088 3716 natum,
1099 3670 1179 3708 eom-

135 3725 215 3775 muni
232 3740 307 3778 nunc
316 3728 476 3779 Doctorum
487 3726 626 3779 Virorum
635 3727 774 3781 sententia
783 3725 922 3788 statuitur,
933 3741 1053 3797 eamque
1068 3733 1096 3776 et
1106 3723 1180 3777 milti

135 3786 448 3862 maximeprobabilem
458 3790 550 3845 videri
560 3792 712 3865 profiteor.
724 3784 818 3848 Alite'r
827 3789 1177 3914 temeninDisrp'uilitioni-

135 3857 189 3909 hus
200 3860 340 3912 Plinianis
356 3862 389 3912 Τ.
400 3859 437 3913 ll.
482 3861 546 3915 .58.
564 3880 607 3933 sq.
626 3854 712 3916 sentit
722 3861 918 3925 Bennonieus,
936 3861 1016 3928 cujus
1047 3877 1097 3912 aec
1112 3875 1176 3913 ver-

117 3985 120 3989 ,
133 3924 172 3979 hs
184 3927 299 3997 profert
309 3927 389 3981 Gieri
412 3930 455 3983 ius
466 3948 496 3983 rn
505 3930 702 3984 Plinianarum
714 3930 840 4002 Epistoll.
854 3927 923 3982 edit.
937 3928 1002 3993 muj.
1014 3931 1096 3983 Tom.
1107 3929 1130 3981 l.
1143 3945 1175 3999 p.

133 3993 194 4060 463.
205 4011 250 4075 ,⁸‘l‘
278 3943 455 4058 „Cornelius
479 3997 575 4067 Nepos
597 3998 676 4051 nullo
701 3997 787 4051 modo
805 3994 975 4054 Veronensis
996 3997 1049 4050 ell'e
1066 4000 1174 4069 potuit.

133 4060 264 4116 APltnro
282 4064 392 4129 majore
409 4066 485 4118 enim
498 4063 580 4122 Pedi
595 4065 699 4122 aceolo
716 4077 848 4120 vocatur.
881 4063 940 4122 sed
956 4069 1072 4120 Verona
1084 4082 1173 4123 stu.

132 4128 166 4182 P.
183 4141 262 4184 recta
276 4130 352 4184 linea
369 4130 449 4187 distat
470 4150 485 4186 a
503 4133 593 4188 Pado.
629 4135 729 4206 Neque
745 4145 827 4188 natus
843 4132 880 4185 eli
895 4135 923 4185 in
940 4132 1006 4187 vieo
1022 4135 1175 4187 Veronen-
1196 4186 1199 4192 ,

134 4195 208 4248 sium
220 4198 353 4252 lloliilia:
375 4203 456 4254 vicus
472 4202 549 4254 enim
566 4220 705 4274 nusquam
722 4200 919 4272 municipium
937 4200 1031 4263 (Plin'.
1049 4198 1174 4272 Epirus,

135 4264 197 4330 28.)
215 4277 351 4334 vocatur,
369 4285 463 4342 neque
481 4269 622 4322 credibile
639 4272 812 4335 elt„ornnes
825 4270 891 4323 illos
909 4270 988 4322 viros
1006 4269 1129 4324 illullres
1143 4269 1177 4335 in

134 4348 195 4385 uno
217 4335 314 4388 viculo
335 4347 417 4390 notos
441 4339 505 4390 effe.
542 4338 637 4410 lgitnr
652 4341 772 4390 Parmae
791 4334 980 4391 vindicandus
1006 4336 1042 4389 eli
1063 4340 1172 4392 Corne·

132 4397 188 4452 lius
206 4404 322 4475 Nepos,
342 4402 462 4458 undeet
480 4406 565 4460 Titus
584 4406 704 4460 Cassius
717 4404 729 4468 (
739 4407 818 4472 cujus
834 4420 938 4457 nomen
956 4404 986 4455 in
1003 4405 1088 4458 Plinii
1105 4404 1172 4458 loco

131 4470 263 4588 praefert
276 4470 396 4525 :ildinus
415 4471 518 4535 codex,
540 4474 622 4546 isque
639 4473 826 4546 prodigiosae
837 4472 1048 4542 antiquitatis),
1067 4488 1171 4544 nequa-

146 4554 169 4589 rs
185 4539 309 4610 Nepoti,
329 4541 399 4603 jutru
416 4542 568 4593 Octaviani
586 4544 714 4594 Caesaris
732 4552 858 4594 necatus.
893 4544 1111 4603 Parmonutem,
1123 4543 1170 4592 lto-

133 4602 180 4658 die
199 4624 259 4659 rurs.
276 4610 306 4659 l'.
326 4627 342 4659 u
359 4607 435 4661 l’udo
452 4607 572 4671 diliana,
599 4609 668 4662 olim
685 4611 709 4661 ei
732 4610 821 4662 multo
837 4609 963 4680 propior
986 4608 1050 4661 suit.
1074 4608 1169 4670 ‚Saue

131 4687 184 4730 zu.
203 4674 280 4730 euim
298 4676 349 4732 ille
364 4674 510 4736 exundans
528 4675 602 4734 haud
616 4676 703 4753 longe
720 4678 872 4739 ararum
885 4675 1038 4735 moenibus
1052 4693 1171 4753 procer,
