2624 5176
74 704 189 759 'ew
402 690 858 793 rcsrtttotttm
1075 780 1082 790 Ι

104 818 1176 848 ...Μ-...Μ

105 919 141 968 ut
161 904 240 966 nihil
258 903 388 964 attineat
405 902 459 966 ills
480 901 534 963 hic
554 923 714 987 reponere
729 903 766 940 *⁴*
778 903 808 983 ).
846 906 914 964 Nec
931 900 1027 961 libris
1047 896 1117 958 iliis
1137 894 1183 958 ele

106 1013 187 1074 viris
211 1007 384 1075 illustribus
410 1007 510 1071 solum
531 1008 717 1091 persecutus
740 1006 784 1070 est
800 1006 994 1069 excellentes
1005 1004 1183 1088 imperato·

108 1138 181 1190 res,
203 1114 258 1179 sed
281 1115 377 1177 etiam
393 1094 712 1176 commentationibus
738 1112 853 1174 cleros.
896 1111 989 1206 Quoi
1011 1129 1209 1205 arguissen-¹

108 1237 177 1286 tum
196 1222 301 1305 signat
314 1222 355 1281 B.
374 1220 607 1300 Hieronymus,
629 1218 829 1302 praefatione
846 1216 1112 1301 descriptoribus
1128 1232 1185 1275 ee·

106 1326 305 1393 cleliessicis:
318 1325 381 1388 -ubi
394 1329 551 1408 Nepotem
571 1326 729 1388 intereos
747 1325 860 1397 refert,
883 1344 1019 1409 quorum
1035 1319 1184 1402 exemplo

109 1449 238 1497 acturus
264 1433 306 1495 sit
330 1429 370 1493 de
393 1431 454 1506 iis,
477 1431 532 1514 qui
555 1429 725 1495 scribendo
750 1433 943 1495 claruerunt.
983 1428 1061 1510 Egit
1077 1436 1206 1488 autem*

109 1543 221 1623 Nepos
242 1551 308 1599 tum
326 1535 365 1625 de
387 1537 526 1599 Graccis
553 1536 780 1620 scriptoribus,
809 1552 877 1600 tum
898 1535 938 1598 de
955 1534 1090 1596 Latinis.
1132 1533 1185 1594 De

112 1645 270 1718 Graccis,
294 1641 411 1723 colligo
432 1640 531 1713 inde,
560 1643 647 1726 quod
664 1643 699 1706 in
722 1643 840 1706 Dionis
859 1643 924 1704 sita
940 1640 1041 1714 dicat,
1063 1637 1186 1700 librum

114 1773 149 1814 se
166 1750 276 1812 secisse
293 1748 333 1809 (le
346 1743 522 1814 ,iltuttn‘bus
537 1747 697 1811 historicis
716 1749 868 1821 Graecis,
890 1749 924 1808 in
945 1767 1009 1831 quo
1024 1743 1187 1807 interulis

111 1857 257 1918 tractarit
274 1854 313 1917 dc
328 1851 459 1917 Philisto
476 1851 639 1917 historico.
680 1855 731 1917 De
753 1856 895 1929 Latinis,
917 1846 1187 1936 argumentosum

111 1957 442 1988 my*-

146 2004 206 2070 nit,
225 2003 359 2058 vitarum
371 2000 528 2054 nostrarum
541 2012 569 2054 et
588 2014 787 2074 argumentum
803 2015 831 2058 et
851 2001 983 2056 ordinem
997 1996 1132 2077 plurimis
1145 1995 1188 2049 lo·

149 2073 190 2125 ris
215 2081 345 2125 secutum
376 2069 467 2121 suiss'o.
511 2068 612 2140 ltaque
644 2071 674 2124 in
704 2071 807 2128 mediis
834 2070 1044 2125 Atheniensium
1066 2063 1190 2119 ducibus

146 2140 245 2204 Dion,
267 2137 492 2210 Syracusanus,
511 2138 588 2192 inter
609 2137 758 2193 Cononem
775 2141 829 2193 etl
853 2140 992 2193 hieracem
1007 2134 1189 2201 interjectus,

148 2207 341 2277 conspicitur,
360 2221 533 2277 quamquam
545 2205 623 2258 illam
636 2207 740 2261 Dionis
753 2218 929 2263 mentionem
945 2204 1114 2265 alibrario,
1132 2216 1190 2253 raa-

147 2273 176 2328 lo
197 2273 308 2339 sedulo,
324 2272 502 2346 Nepotisque
526 2272 569 2327 sui
594 2273 716 2328 nimium
731 2293 878 2341 memore,
917 2273 1087 2328 inculcatam
1107 2266 1190 2322 fultra

149 2341 286 2415 suspicari
301 2341 406 2414 aliquis
419 2340 510 2412 potiit.
529 2342 607 2394 llaec
623 2353 716 2396 nutem
731 2363 819 2417 quum
834 2344 869 2398 do
882 2341 999 2397 Aemilii
1013 2338 1104 2396 Probi
1120 2356 1138 2392 o
1162 2353 1190 2388 e-

149 2429 182 2465 ra
199 2410 267 2462 mihi
283 2407 428 2462 statuenda
443 2410 497 2463 elle
511 2406 682 2477 videantur,
701 2410 848 2466 doctiilrmi
863 2412 938 2476 viri,
960 2411 995 2464 G.
1013 2411 1048 2463 F.
1062 2355 1192 2472 Rincbii,

150 2479 337 2542 sententiani,
354 2475 510 2550 diligenter
522 2477 701 2550 multumque
710 2481 891 2554 penlitatam,
909 2478 1039 2552 probaro
1049 2493 1107 2529 non
1122 2490 1191 2549 pos·

151 2544 1194 2672 tl*stlitibusttlltttttitl'tttltltlfltsstul‘l'it‘

361 2645 370 2675 ‚
1182 2644 1192 2656 .

152 2690 194 2734 tas
211 2682 265 2734 sub
283 2679 413 2735 Cornelii
428 2678 548 2752 Nepotis
583 2684 683 2735 ursona
699 2684 849 2757 scripfille,
874 2634 1000 2739 vertibiis
1014 2699 1062 2737 sac
1086 2695 1192 2733 econt-

151 2749 319 2802 memoratis
334 2745 490 2814 adductus,
509 2698 654 2805 exiliimat.
675 2754 738 2804 llos
757 2754 835 2806 enim
854 2752 877 2807 si
897 2752 994 2807 lacere
1011 2699 1126 2805 Probus
1140 2764 1192 2801 ro·

113 2884 116 2889 ¹
151 2816 260 2883 luillct,
288 2833 347 2868 non
366 2813 473 2880 video,
500 2833 551 2869 our
564 2836 622 2870 non
637 2820 767 2873 Cornelii
785 2821 902 2893 potius,
921 2836 1005 2892 quam
1019 2818 1122 2892 ipius,
1142 2834 1193 2873 tro·

151 2901 218 2937 men
240 2882 392 2937 codicibus
414 2900 500 2937 manu
518 2885 635 2958 scriptis
651 2887 844 2961 praepolitum
862 2889 917 2952 ait,
945 2903 1041 2959 neque
1057 2902 1194 2957 umquem

150 2950 326 3026 persuadere
349 2951 418 3004 mibi
439 2961 563 3024 potero,
589 2955 719 3009 cumdem
732 2956 901 3023 bominem,
925 2955 973 3026 qui
994 2954 1092 3009 verius
1112 2955 1193 3018 istos,

153 3037 277 3092 quorum
294 3019 483 3093 quotverba,
499 3020 619 3074 totidem
629 3022 692 3077 scre
706 3024 777 3077 vitia
791 3035 820 3077 et
835 3024 962 3098 ineptiae
977 3032 1058 3088 sunt,
1077 3039 1194 3094 compo·

115 3131 118 3135 .
153 3088 477 3161 suit„clegantiffimas,
498 3088 523 3142 si
534 3089 599 3143 loca
612 3091 751 3145 nonnulla
767 3093 910 3164 excipias,
929 3093 1142 3162 Imperatorum
1154 3089 1195 3142 vi-

116 3190 120 3195 ·
135 3166 197 3211 rtur
212 3156 412 3230 conscriplill'e.
433 3157 571 3211 liinolsius
582 3157 640 3228 ipso
656 3160 675 3212 l.
691 3178 715 3212 o.
730 3179 797 3234 pag.
807 3165 850 3227 43.
867 3173 929 3215 not.
943 3161 991 3230 (p.
1004 3159 1048 3214 38.
1061 3177 1106 3233 sq.
1117 3175 1195 3213 vere.

117 3260 121 3268 ·
155 3227 265 3297 germ.)
290 3223 519 3304 duoupolircmos
534 3227 670 3281 carminis
691 3230 788 3283 verius
803 3245 819 3281 a
837 3228 963 3284 librario
983 3225 1115 3292 adiutos,
1129 3243 1196 3280 nou

155 3309 171 3344 a
187 3292 286 3346 Probo
301 3302 425 3362 scriptos
439 3292 519 3345 fuille
535 3292 712 3360 arbitratur,
728 3315 801 3369 quos
816 3310 940 3353 tamone
961 3314 978 3349 o
992 3305 1021 3348 et
1032 3298 1153 3349 materie
1168 3304 1198 3348 et

156 3360 290 3413 oratione
304 3369 466 3414 ceterorum
483 3363 522 3414 ita
536 3362 642 3417 similes
656 3365 798 3436 cognovi,
815 3378 847 3421 ut
860 3312 1002 3421 exoniam
1016 3362 1135 3417 officina
1149 3380 1198 3415 cx·

156 3428 219 3507 iill'e
227 3437 375 3500 appareat.
385 3429 530 3507 ¹‚Ceterum
545 3427 660 3509 liinclsii
671 3436 840 3489 sententiam
850 3436 904 3503 jam
916 3441 1111 3557 oppugnatam
1121 3448 1198 3512 com-

144 3493 844 3628 u*attritum,circumitu
960 3518 1028 3627 ut
1040 3501 1197 3625 tetam

156 3578 237 3685 iat.
263 3630 364 3686 liinck
384 3629 503 3686 Bedese
523 3651 575 3705 per·
589 3583 740 3692 {illituum
759 3638 802 3694 ad
819 3589 1052 3704 bam'ileiciri'robo
1072 3635 1097 3691 il
1118 3585 1199 3695 libro

157 3697 269 3752 desita
286 3697 390 3780 excell.
403 3699 631 3784 Inpperqtofum.
645 3703 835 3784 'Mediolani
849 3709 923 3777 1819.
931 3708 957 3762 8·
999 3723 1073 3780 agg.
1086 3727 1130 3776 70·
1139 3705 1200 3763 sed

157 3765 286 3820 uetulum
301 3767 387 3821 uobis
400 3768 483 3837 huius
497 3770 566 3824 libri
581 3772 750 3843 inspiciendi
766 3777 851 3849 copia
864 3776 939 3830 facta
954 3725 1021 3846 eri]

141 3856 174 3923 ⁰)
193 3856 304 3911 Arlenii
322 3859 477 3929 Codiccm,
512 3864 641 3937 eMagio
659 3865 834 3938 inspectum,
870 3869 1028 3938 significat,
1060 3867 1200 3935 adonius

157 3925 266 3978 calcem
293 3927 345 3990 (v.
371 3933 485 4002 supra)
520 3930 591 3984 baec
620 3934 728 4006 scripta
756 3949 853 3992 erant:
893 3937 1075 4009 Completum
1106 3943 1151 3992 est
1167 3956 1200 3992 o·

157 4010 213 4075 pits
222 3992 456 4078 Aemyliissrolti
467 3998 598 4057 Cornelii
608 4003 745 4075 Nepotis,
765 4007 793 4058 in
804 4025 860 4081 qna
870 4005 1199 4081 subscriptioneprima·

148 4076 235 4115 rrum
256 4063 395 4119 ancluus
419 4068 578 4121 sententiae
596 4086 663 4125 suae
680 4069 888 4130 firmamentum
911 4075 1029 4149 politum
1048 4074 1197 4129 existimat.

157 4128 221 4212 ‚33⁰
238 4148 271 4185 ex
282 4129 326 4185 bis
341 4134 440 4187 verbis
456 4135 528 4188 nibil
544 4135 621 4189 aliud
637 4136 736 4214 colligi
751 4144 830 4213 poss'e
847 4146 966 4207 censeo,
993 4143 1050 4198 nisi
1067 4143 1139 4209 hoc,
1167 4142 1200 4194 in

159 4197 213 4252 rllo
228 4198 339 4253 Arlenii
356 4200 475 4265 codice,
491 4215 522 4257 ut
538 4205 566 4256 in
583 4204 732 4277 plerisque
748 4211 828 4273 aliie,
847 4231 910 4267 cum
926 4214 1140 4285 lmperatorum
1154 4211 1199 4263 vi.

139 4267 306 4349 jtia,·quas
316 4270 501 4323 membranae
517 4271 645 4352 Aemilio
658 4274 759 4332 Probo
776 4280 925 4345 tribuunt,
946 4279 1064 4337 Catonis
1080 4289 1108 4332 et
1122 4279 1197 4332 lut-

146 4348 188 4387 ·ct
205 4347 310 4400 rutam,
327 4350 342 4388 a
360 4337 498 4393 Cornelio
514 4351 666 4411 scriptam,
685 4346 865 4410 coniunctam
883 4348 984 4409 luiss'e,
1003 4352 1035 4401 ul
1052 4364 1122 4401 vero
1139 4348 1197 4401 lib-

162 4416 194 4456 ra
208 4404 388 4466 lusAemilii
400 4406 494 4462 Probi
506 4418 534 4460 et
547 4408 677 4467 Cornelii
691 4414 814 4488 Nepotis
826 4435 899 4490 opus
914 4416 999 4470 ineffe
1013 4415 1198 4489 scripseris]

128 4493 176 4569 eo)
194 4490 290 4565 [llaec
306 4498 371 4555 loca
394 4498 532 4551 Rincltius
552 4519 581 4572 p.
599 4504 642 4560 53.
660 4505 708 4580 (p.
726 4508 771 4577 48.
790 4527 866 4565 vert.
885 4510 996 4581 germ.)
1015 4507 1052 4561 ab
1068 4508 1199 4563 Aemilio

161 4561 278 4641 Ptolis,
299 4582 383 4636 «poem
405 4583 438 4618 rx
455 4571 584 4659 Cornelii
604 4575 727 4645 persona
740 4576 951 4652 Imperatorum
965 4577 1048 4633 Vitas
1067 4578 1197 4652 scripsis-

302 4780 321 4818 Ι
