2624 5176
1053 748 1057 754 ι
1145 642 1158 727 l

104 708 238 810 alu¹
394 656 882 778 'rnslrraoura

105 835 1180 876 Μ

105 933 169 1018 hoc
185 929 329 1001 evincet,
351 925 451 989 verbs
474 892 550 996 illa,
572 939 654 1006 quae
667 937 772 1001 usqne
784 916 891 980 adhuc
901 913 948 976 ιιι
965 912 1089 976 calcem
1103 910 1178 970 Ηιι

107 1014 226 1100 cibalis
244 1033 368 1114 adjecta
389 999 548 1113 legimus,
566 1026 619 1087 illi
639 1025 714 1087 loco
736 1024 868 1085 minime
886 1019 1088 1094 convenire,
1101 1016 1180 1078 coin

109 1159 215 1208 eutem
234 1140 334 1202 multo
350 1133 505 1220 aptillime
520 1152 593 1194 cum
608 1131 699 1195 exitu
715 1130 879 1202 Datamis,
901 1146 997 1213 quem
1019 1129 1137 1208 Nepos
1155 1120 1180 1184 it

41 1295 43 1299 >
91 1247 236 1322 sclaullt,
257 1260 294 1308 ut
312 1241 390 1305 libri
410 1237 518 1317 linem
531 1237 593 1319 jam
608 1236 713 1299 adeffe
729 1236 868 1299 sentias:
897 1235 1006 1318 itaque
1022 1245 1097 1295 ante
1115 1229 1180 1290 hae

34 1362 40 1373 “
112 1356 214 1422 verba
228 1342 430 1417 hderendnm
445 1345 509 1408 ess'e
524 1363 597 1405 cum
612 1340 668 1405 suo
686 1342 857 1427 prooemio
872 1353 970 1402 totam
987 1337 1135 1400 Datamis
1148 1334 1180 1395 ri

36 1447 38 1457 ¹
113 1458 309 1598 tamQuo'
324 1453 434 1538 agnito
455 1450 532 1535 quis
552 1468 617 1510 non
635 1447 786 1532 deploret
800 1447 921 1509 sortem
930 1444 1091 1506 librorum
1106 1451 1180 1503 rete

114 1504 210 1629 runi!
237 1558 309 1623 En!
343 1556 573 1639 chronologiae
593 1553 745 1628 studium,
768 1567 947 1616 ceterarum
960 1551 1078 1612 artium
1090 1547 1180 1607 huma

24 1690 27 1696 ·
118 1671 248 1734 nicrum
261 1663 441 1750 disciplinis
456 1658 656 1733 destitutum,
679 1675 830 1745 quantum
847 1660 962 1720 malum
977 1653 1085 1718 dedit!
1103 1651 1180 1713 nir·

57 1768 61 1775 ¹
118 1773 178 1837 bar
193 1773 337 1856 semper,
357 1768 435 1853 quid
454 1767 517 1829 sihi
535 1769 685 1830 Datames
704 1768 739 1828 in
758 1767 906 1837 omnihus¹
924 1760 1123 1827 edltionihus
1136 1777 1181 1841 po

119 1877 348 1953 Timotheum
370 1873 450 1960 qui'd
466 1873 531 1936 sihi
550 1872 630 1933 illud
651 1871 746 1953 hujus
770 1874 856 1936 ritae
871 1869 1075 1956 prooemium
1089 1866 1125 1927 in
1142 1865 1180 1927 C<

120 1983 250 2046 dicihus
268 1981 441 2043 Timotheo
460 1964 500 2040 ad
516 1979 637 2040 calcem
652 2001 754 2064 paene
776 1999 934 2042 annexum
957 1971 1082 2038 vellet?
1114 1973 1180 2033 Nur

119 2089 184 2173 jam
197 2100 333 2172 repente
351 2086 448 2148 rideo
460 2084 576 2147 omnia.
612 2085 742 2180 Quippe
756 2085 919 2149 transtulit
931 2083 1012 2145 hanc
1027 2083 1138 2154 vitam,
1154 2099 1180 2140 ιι

121 2194 166 2257 ἰιι
184 2193 237 2255 lua
252 2190 406 2265 avulsam,
429 2188 595 2253 Chronilla
611 2190 717 2254 noller
734 2193 773 2254 ad
792 2212 866 2254 eum
878 2192 996 2262 locum,
1017 2208 1114 2272 quem
1132 2206 1177 2271 po

125 2310 202 2364 cere
224 2299 273 2361 illi
289 2295 460 2360 ridebatur
474 2296 627 2379 chronica
648 2299 742 2361 ratic.
784 2297 868 2361 Illud
883 2312 988 2359 umen
1006 2292 1158 2363 servarit,
1176 2314 1180 2345 ι

14 2451 16 2455 -
126 2406 330 2494 prooemium
350 2404 391 2466 ιιι
411 2403 550 2465 eundem
572 2404 703 2467 modum
726 2405 899 2468 Timotheo
925 2399 1135 2488 praecedenti
1158 2420 1180 2460 a:

126 2512 297 2584 necteret,
314 2510 579 2595 quemadmodum
598 2510 632 2571 id
654 2510 827 2573 Hannibali
844 2531 1002 2574 annexum
1025 2508 1104 2569 olim
1117 2525 1178 2590 rep

31 2667 34 2683 .
128 2626 230 2682 'rerut-
270 2618 336 2681 Sed
353 2615 508 2701 postrema
521 2616 637 2689 verba,
660 2639 741 2701 quae
754 2618 830 2680 libri
846 2616 944 2682 finem
959 2615 1032 2680 lieri
1048 2602 1180 2677 docerer

132 2739 167 2786 ut
183 2744 285 2785 nouus
304 2723 385 2784 ordo
402 2720 568 2808 constaret,
590 2723 707 2804 adjecit
723 2736 808 2787 nunc
825 2724 866 2787 ad
883 2727 1003 2787 calcem
1015 2720 1180 2784 Hannibali

133 2818 346 2913 intelligimus
364 2824 425 2910 jam
446 2828 574 2889 demum
589 2830 763 2891 verborum
781 2844 921 2905 tucrum,
945 2827 1095 2894 Corneli!
1119 2826 1180 2888 rati

134 2942 219 3000 hem:
236 2939 318 2999 Venio
327 2956 397 2996 ruane
403 2937 440 2997 ad
443 2932 624 3017 sortifflmum
630 2940 731 3010 virum,
741 2942 902 3018 maximique
912 2934 1022 3016 confidi,
1031 2932 1180 2995 omasiumbl

134 3043 284 3114 durorum,
306 3047 424 3124 exceptis
440 3040 543 3102 duobus
561 3038 842 3123 Cartlra‘giuienfibus‚
872 3043 1029 3104 Hamilc‘nre
1045 3034 1084 3101 'et
1109 3041 1180 3102 Hau

55 3232 59 3241 ι
137 3151 207 3214 hale.
249 3155 374 3233 Nempe
391 3148 505 3210 ludere
520 3142 581 3209 n'os
597 3168 688 3210 more
705 3162 760 3211 tuo
775 3148 926 3222 volebas,
948 3145 1180 3234 impertiendo

140 3257 327 3341 inopinato,
350 3254 475 3340 quod
452 3256 583 3320 miuimc
603 3256 768 3338 pollicitus
788 3255 880 3317 effes.
905 3255 1117 3317 -Adducehas
1137 3273 1178 3314 en

139 3363 256 3435 nohis,
274 3363 398 3446 qualem
413 3361 482 3446 poll
498 3377 547 3424 tot
562 3363 785 3424 excellentes
776 3375 989 3445 imperatores
1003 3362 1136 3423 minime
1153 3359 1180 3445 sp

142 3469 310 3541 rabanone,
333 3467 438 3528 uirum
453 3486 555 3549 paene
577 3467 741 3548 ignotum,
763 3469 853 3548 cujus
877 3483 913 3530 tu
930 3468 1013 3530 facta
1030 3465 1163 3530 illustria

3 3585 6 3596 “
89 3610 93 3627 ι
144 3572 375 3638 remotioribus
392 3569 552 3634 historicis
576 3593 640 3633 non
660 3574 731 3634 sine
754 3575 982 3636 multolahore
999 3573 1131 3648 eruisti,
1155 3595 1180 3637 ct

145 3679 299 3764 tioneque
325 3692 377 3740 tua
400 3678 445 3747 ita
466 3660 702 3753 condecorasti,
743 3695 777 3742 ut
804 3680 1006 3744 libentiffime
1033 3681 1083 3743 illi
1107 3681 1180 3742 locu

147 3806 245 3871 quom
267 3782 421 3868 alligante
446 3781 507 3845 tihi
536 3785 673 3867 placuit,
706 3786 740 3846 in
760 3787 952 3849 summorum
968 3789 1085 3859 ducum
1101 3787 1180 3849 ordh

148 3893 357 3978 gratulemur.
401 3890 581 3964 Sentimus‚
604 3907 637 3977 te
660 3893 783 3978 ipsum,
814 3892 968 3980 adfinem
987 3895 1051 3976 jam
1071 3891 1133 3975 jam
1152 3893 1180 3955 fa

149 4001 232 4062 citer
246 3998 385 4061 deducto
401 3998 505 4072 libro,
528 4016 707 4064 recreatum
726 4005 789 4066 effe
804 4002 1056 4087 quodammpdo‚
1081 4015 1113 4063 et
1125 4000 1180 4066 iul

151 4102 307 4189 postrema
326 4103 413 4177 vite,
435 4104 612 4191 lectoribps
626 4109 816 4172 mirantibus
829 4106 1060 4180 annuntianda,
1081 4127 1148 4168 ιιοιι
1161 4111 1180 4169 si

152 4210 317 4292 uoluptate
334 4208 468 4292 quadam
490 4212 530 4274 ad
551 4213 784 4298 praecedentes
803 4214 997 4283 Hamilcaris
1019 4228 1052 4275 et
1069 4214 1180 4276 Hanni}

154 4315 195 4378 lis
211 4314 291 4376 vitas
310 4313 499 4400 respexiss‘e,
532 4319 647 4403 quihus
660 4341 773 4404 ‚aeque
800 4321 889 4405 larga
907 4344 1001 4385 manu
1024 4335 1156 4405 praeter
1177 4351 1180 4375 ι

156 4419 383 4504 spectationem
405 4444 465 4483 nos
486 4424 700 4511 impertietur.
741 4426 783 4489 Ut
800 4427 952 4513 gaudium
966 4426 1105 4503 nostrum
1122 4448 1180 4490 cuu

155 4525 259 4607 lares,
283 4548 389 4595 nonne
407 4527 447 4590 de
466 4528 617 4617 iadpsspia
632 4531 664 4617 in
679 4530 742 4605 hoc
759 4532 914 4619 aptissimo
932 4535 1101 4617 prooemio
1115 4555 1180 4598 non
