2624 5176
660 466 665 475 ⁸
1165 472 1169 488 t

918 521 924 533 Ι

292 563 294 580 ι

553 719 565 745 Χ

131 807 255 859 ‚mm
357 820 358 829 κ
449 781 909 882 Tsssrtttotttt.

142 910 1204 945 Μ

48 1048 53 1057 ·
134 1003 216 1068 ionii
232 999 362 1085 epistola
378 1000 493 1064 ordine
517 1000 616 1066 XVII.
645 1023 686 1063 ex
711 1002 854 1067 editione
879 993 1100 1107 Christoppori
1115 1001 1209 1062 Pluu-

135 1112 212 1183 tini,
236 1108 274 1169 ad
299 1106 418 1168 Probum
434 1106 592 1191 quendam
608 1109 807 1193 praesectum
829 1109 1013 1193 praetorio,
1035 1105 1127 1188 cujuo
1141 1104 1211 1191 epi·

135 1216 229 1280 stolae
249 1214 377 1276 initium
395 1212 456 1276 est:
488 1213 588 1276 Oblata
601 1232 652 1296 per
666 1220 835 1296 antiquarios
854 1236 930 1277 mora
941 1215 998 1298 scio
1011 1209 1135 1294 promtffl
1145 1232 1210 1294 gro·

137 1328 204 1384 tiam
220 1320 413 1402 exspectatione
428 1321 604 1403 cortsranuom,
630 1320 735 1396 Probe,
757 1327 804 1381 air
825 1327 938 1403 optime,
962 1334 1024 1383 oet.
1066 1317 1213 1404 sequitur

136 1430 290 1513 deinceps
322 1426 363 1487 ad
387 1426 522 1490 eundem
550 1426 915 1510 dimetrumjamhioum
944 1428 1008 1490 hoo
1027 1424 1211 1513 principio:

136 1537 224 1617 Perge
240 1556 254 1593 o
269 1531 355 1597 libelle
371 1534 519 1605 Sirmium,
541 1534 581 1594 Et
604 1535 648 1594 dic
665 1536 728 1595 bero
743 1557 816 1609 mro,
838 1554 866 1595 et
884 1553 947 1608 trra,
969 1548 1032 1598 oet.
1073 1535 1126 1594 Ex
1140 1530 1212 1614 qui-

135 1640 196 1702 bus
216 1636 400 1723 intelligere
418 1637 495 1725 licet
507 1656 524 1710 ,¹
547 1639 631 1700 huno
646 1640 790 1703 Probum
806 1661 954 1724 magnum
977 1638 1154 1725 quendum,
1178 1650 1214 1699 et

136 1746 275 1822 olerum,
307 1761 340 1808 et
366 1747 493 1809 summio
524 1746 701 1808 honoribus
724 1760 869 1809 ornatum
895 1747 1001 1808 ritum
1026 1741 1140 1808 fuillee
1165 1755 1212 1814 et,

136 1854 226 1938 quor]
240 1854 369 1916 fortass'e
388 1855 488 1936 magis
505 1851 545 1913 ad
559 1871 635 1913 rem*
648 1855 807 1935 pertinet,
829 1852 982 1917 disertum
1002 1867 1035 1916 et
1056 1852 1212 1936 eloquen-

135 1974 212 2023 tem.
256 1961 311 2022 sic
341 1955 612 2036 enimAuspnius
635 1958 669 2018 iu
692 1959 749 2020 illo
773 1959 931 2024 dimetro:
973 1961 1056 2021 Hune
1073 1959 1144 2031 dico,
1165 1957 1214 2037 qni

135 2067 229 2149 lingua
245 2085 341 2150 potens
359 2069 500 2127 Minorem
514 2066 645 2128 Atridam
661 2071 797 2146 praeterit
817 2067 929 2127 Orando
946 2054 1045 2148 pauco,
1062 2083 1090 2124 et
1103 2059 1212 2141 mustra,

130 2173 197 2258 Qui
210 2175 359 2255 grandines
382 2168 483 2251 lllyslri
495 2216 504 2246 ,
540 2191 567 2230 et
591 2170 800 2251 Melliflnentem
823 2157 959 2251 Nestora,
989 2171 1213 2233 Concimtotorem

115 2301 164 2345 ¹et
183 2278 319 2352 Tullium,
342 2293 403 2341 oet.
446 2281 553 2351 Porro
572 2293 678 2341 autem
694 2292 826 2362 praeter
843 2279 893 2339 M.
909 2276 1052 2338 Aurelium
1072 2273 1213 2337 Valeriton

44 2419 46 2425 ·
137 2385 259 2446 Probum
287 2386 544 2468 imperatorem,
597 2386 651 2468 qui
680 2383 850 2469 imperavit
876 2403 975 2454 armos
991 2383 1150 2468 ,quinque
1178 2392 1213 2441 et

67 2514 71 2523 ·
138 2492 263 2553 menses
277 2505 423 2575 quatuor,
446 2513 527 2552 anno
544 2490 694 2553 aChristo
712 2505 786 2553 nato
801 2488 947 2554 conxrtx.
970 2487 1074 2551 Probas
1088 2487 1213 2572 aliquot

136 2598 270 2681 reperio
288 2596 343 2659 lih.
363 2619 412 2656 111.
435 2594 608 2659 Pastorum.
652 2603 687 2660 In
706 2598 757 2661 hio
776 2599 840 2660 Sex.
856 2600 998 2668 Anicium,
1020 2597 1084 2657 Sex.
1098 2591 1144 2674 fil.
1156 2595 1211 2654 Pe·

137 2709 256 2764 tranium
274 2701 393 2763 Probum
400 2705 441 2765 V.
453 2705 488 2764 C.
501 2704 662 2765 consulem
671 2723 752 2765 anno
764 2720 883 2790 apertu
891 2703 1027 2787 virginio
1038 2719 1210 2764 ocouxxrr.

135 2809 340 2894 imperantib.
358 2809 407 2870 Fl.
424 2811 582 2885 Valente,
609 2825 642 2872 et
659 2813 708 2872 Fl.
725 2808 970 2884 Valentiniano,
999 2809 1101 2870 altero
1122 2807 1158 2867 in
1173 2825 1210 2867 o·

137 2918 261 2999 riente,
283 2917 385 2977 altero
403 2919 435 2976 in
453 2917 636 2981 occidente:
659 2933 691 2980 et
708 2940 790 2982 anno
808 2937 990 2981 coonxxxn.
1008 2935 1091 2985 eum,
1114 2932 1211 2996 quem

135 3012 230 3106 supra
250 3025 512 3096 commemoravi,
535 3024 599 3086 Sex.
615 3029 757 3100 Anicium,
779 3026 843 3085 Sex.
856 3021 901 3102 fil.
921 3020 1058 3092 Probum,
1079 3017 1209 3104 pruefe-

136 3145 222 3192 otum
246 3130 430 3212 praetorio,
472 3129 511 3190 ad
526 3153 621 3214 quem
643 3130 738 3194 exstat
763 3132 817 3193 illa
835 3128 968 3192 Ausonii
987 3126 1133 3212 epistolar
1152 3204 1157 3221 Ι
1178 3137 1211 3185 ot

54 3252 57 3257 '
138 3257 221 3298 anno
244 3256 371 3297 cocotx.
394 3237 457 3296 Sex.
481 3241 623 3312 Arniciusn,
645 3240 708 3299 Sex.
726 3235 771 3317 fil.
797 3240 861 3299 Sex.
883 3248 1018 3317 nepotem,
1049 3235 1210 3295 Petronium

139 3343 281 3413 Probum,
305 3341 485 3413 consulem,
514 3343 761 3424 imperatoribus
777 3343 963 3406 Theodosio
978 3343 1122 3423 juniore,
1145 3339 1208 3400 Ar-

136 3449 220 3512 cadii
236 3447 324 3519 filio,
347 3460 380 3507 et
394 3447 442 3507 Fl.
461 3449 609 3508 Honorio
629 3448 701 3510 Pio.
744 3451 867 3534 Reperi
887 3464 920 3511 et
938 3450 1034 3510 ulium
1049 3443 1208 3532 quondam

135 3559 273 3619 Maeciam
298 3553 436 3625 Probum,
468 3553 643 3635 praesidem
670 3555 857 3638 provinciae
880 3556 1069 3640 Hispaniuea
1111 3573 1208 3635 quern

136 3673 364 3724 commemorat
380 3658 532 3744 Ulpianus
552 3660 607 3721 lib.
629 3683 744 3723 ruunt.
767 3661 975 3746 digestorum,
997 3663 1091 3724 titulo
1106 3660 1208 3722 deiu-

136 3768 285 3832 terdiotis
303 3782 335 3829 et
351 3767 521 3848 relegatis,
543 3766 594 3828 hie
612 3769 740 3831 verbis:
763 3770 816 3832 Sed
831 3774 977 3851 imperator
994 3769 1080 3847 nasto
1092 3789 1151 3829 cam
1161 3769 1207 3827 di·

136 3884 169 3937 oo
183 3894 262 3955 patre
280 3873 331 3955 suo
354 3871 415 3933 buic
432 3876 473 3932 rei
486 3877 678 3954 providerunt.
721 3878 830 3939 Maecio
853 3881 921 3937 enim
947 3875 1058 3950 Probo,
1085 3872 1206 3956 praesidi

132 3985 287 4062 provinciae
303 3979 464 4060 Hispaniae,
488 3980 697 4063 rescripserunt,
721 3983 1131 4064 eriameaprovinoiainterdici,
1149 4002 1204 4041 aar·

99 4096 106 4116 ¹
135 4088 169 4148 de
184 4092 243 4167 quis
262 4088 394 4147 oriundus
402 4085 460 4168 st't,
482 4088 514 4149 ab
532 4110 578 4164 eo,
600 4094 732 4172 quinegio
748 4110 804 4151 eam
816 4095 992 4173 prouirniom,
1015 4087 1060 4148 obi
1074 4093 1136 4169 quis
1152 4089 1205 4148 do-

135 4194 263 4254 micilium
278 4194 388 4266 babeat,
411 4208 472 4255 oot.
514 4198 742 4260 Praetermitto
760 4196 925 4270 Probianos,
946 4210 982 4272 et
999 4196 1140 4268 Probinus,
1164 4196 1204 4256 ab

134 4302 186 4363 hie
213 4299 330 4361 Probie
361 4301 477 4362 leviter
504 4300 647 4364 dessexoo
675 4323 712 4366 ao
738 4305 912 4368 derivatos.
960 4304 1085 4364 Horum
1103 4299 1207 4384 igitur

135 4406 287 4468 Probornm
305 4408 445 4468 omnium
463 4409 584 4470 nullum
606 4393 699 4492 hujus
715 4413 792 4475 libri
813 4425 974 4474 auctorem
991 4411 1053 4474 effe
1074 4409 1205 4492 persuu-

134 4511 201 4574 sum
220 4513 333 4575 habeo.
376 4516 410 4577 si
435 4516 506 4600 quis
528 4517 607 4578 alius
635 4519 781 4592 Probus,
810 4519 887 4580 mihi
918 4519 1068 4600 ignotus,
1091 4530 1206 4577 auctor

133 4617 227 4682 fuisse
242 4619 384 4682 dicatur:
405 4644 541 4698 vereor,
564 4643 605 4685 ne
621 4645 780 4710 nunquam
795 4626 826 4686 in
840 4640 949 4687 natura
965 4643 1073 4686 rerum
1089 4622 1204 4694 suerit,
