2624 5176
398 427 402 440 Ι

926 510 933 545 i

192 832 252 911 aas
418 787 721 899 coannnn
762 817 1035 900 neronis

192 1031 314 1098 dictum
341 1032 505 1101 Philocles
526 1034 814 1112 animadvertebat,
856 1049 961 1099 tamen
982 1034 1142 1120 postulata
1163 1033 1277 1097 faeere

192 1139 331 1222 noluit,
351 1138 439 1226 qnod
459 1137 635 1218 sentiebat,
678 1163 733 1218 se,
775 1136 944 1217 Alcibiade
964 1152 1119 1225 recepto,
1150 1140 1275 1202 nnllins

190 1245 345 1308 momenti
373 1243 457 1329 apud
485 1245 662 1311 exercitam
690 1246 850 1322 futurum,
894 1260 944 1321 et,
987 1246 1016 1309 si
1037 1244 1116 1333 qnid
1137 1229 1275 1308 secundi

192 1350 372 1426 evenisset,
415 1351 535 1415 nullam
563 1351 597 1415 in
626 1372 663 1417 ea
690 1373 728 1417 re
757 1374 845 1417 suam
872 1367 997 1441 partem
1024 1351 1117 1428 iore;
1160 1332 1274 1412 centra

192 1452 248 1526 ά,
298 1452 327 1514 ti
355 1455 434 1535 quid
462 1455 591 1522 adversi
620 1459 816 1535 accidisset,
867 1479 904 1524 se
931 1478 1027 1522 unum
1055 1457 1125 1541 ejus
1159 1455 1273 1518 delicti

148 1554 334 1626 afuturum
360 1575 463 1624 raum.
505 1562 556 1627 Ab
584 1564 646 1629 boc
667 1565 839 1632 discedens
860 1564 1064 1637 Alcibiades,
1108 1563 1270 1649 quonism,

189 1660 313 1747 inquit,
330 1695 335 1708 ·
355 1663 512 1730 victoriae
539 1669 663 1753 patriae
683 1689 864 1754 repugnas,
906 1668 988 1736 illud
1007 1688 1142 1741 moneo,
1186 1663 1273 1749 juxta

112 1751 121 1763 ’
189 1764 303 1830 hostes
331 1782 436 1832 castra
463 1769 582 1835 habeas
609 1772 745 1836 uandca.
778 1774 974 1842 'Periculum
1001 1789 1053 1840 eat
1080 1774 1187 1848 enirn,
1228 1792 1272 1835 ns

69 1900 77 1925 ι
188 1871 391 1936 immodestia
427 1875 564 1939 rnilitum
598 1891 786 1942 nostrorum
813 1878 943 1944 occasio
980 1880 1075 1944 detur
1103 1879 1271 1963 Lysandro

147 1972 293 2043 bnostri
323 1980 528 2068 opprimendi
558 1982 733 2050 exercitus.
774 1989 889 2068 Neque
917 2000 956 2045 ea
984 2001 1038 2044 res
1060 1987 1150 2045 illum
1172 1985 1270 2044 fefel-

187 2083 236 2146 lit.
279 2086 358 2149 Nam
385 2085 574 2167 Lysander,
625 2110 723 2175 quum
749 2110 811 2176 per
839 2088 1060 2173 speculatores
1088 2089 1270 2172 comperis-

188 2174 262 2265 sat,
298 2191 429 2277 vulgum
457 2191 703 2260 Atheniensium
730 2195 765 2259 in
792 2206 916 2260 terram
939 2192 1127 2280 praedatum
1145 2193 1267 2268 exisse,

136 2420 144 2433 .
185 2383 342 2439 Lambinus
359 2384 516 2443 adnotavit.
529 2384 620 2445 Gella
631 2383 708 2446 Vide
743 2387 774 2446 in
800 2389 945 2445 similibus
974 2403 1097 2442 numero
1124 2380 1266 2457 singulari

186 2452 321 2508 servium
338 2453 705 2530 advirg.ecl.3.vs.·1oe.
741 2476 799 2530 pro
808 2457 916 2533 plurali
932 2455 1043 2510 luerint
1056 2454 1122 2520 usi,
1138 2463 1172 2505 ut
1181 2468 1269 2523 eques

185 2530 215 2573 et
231 2519 266 2572 sd
285 2540 308 2574 r.
327 2523 399 2577 Aen.
417 2543 460 2579 vs.
476 2525 536 2593 ma.
741 2543 798 2601 pro
820 2525 979 2602 equitibus.
993 2522 1124 2578 Broulsh.
1138 2519 1176 2573 ad
1192 2526 1266 2576 l'ro·

222 2588 396 2654 Philocles]
434 2592 607 2669 Xenophon
632 2591 704 2652 bist.
763 2604 818 2649 ert.
836 2612 861 2657 a,
879 2595 907 2657 8,
929 2609 970 2663 17.
991 2590 1079 2648 miles
1090 2589 1268 2664 promiliti·

186 2654 236 2711 Gr.
255 2674 280 2713 a.
307 2657 462 2741 Diodorps
479 2663 520 2719 nd.
536 2674 565 2719 at
581 2659 706 2719 Plator·
740 2612 891 2720 bernalde
909 2661 935 2714 J.
958 2663 1008 2716 Fr.
1028 2657 1213 2714 Gronovium
1230 2654 1266 2709 ad

184 2725 259 2781 ebus
274 2725 441 2793 Alcibiade,
461 2728 597 2795 tradunt,
617 2730 706 2786 Athe.
740 2733 856 2791 Livium
877 2731 907 2785 1..
927 2745 954 2796 7.
985 2743 1050 2803 cap.
1072 2727 1117 2788 35.
1134 2756 1137 2763 ·
1154 2724 1266 2780 Eodem

182 2793 322 2850 nienlium
340 2808 511 2867 praetores,
536 2808 568 2852 vet
585 2801 708 2854 manime
742 2801 805 2855 sere
823 2796 911 2854 modo
939 2795 1099 2853 Romanus
1123 2810 1180 2865 pro
1203 2793 1266 2873 Rq-

183 2859 312 2932 Tydcum
328 2882 362 2919 nc
380 2866 589 2930 Menandrum,
608 2866 708 2932 juffille
742 2868 854 2927 manis.
873 2885 902 2922 v.
917 2864 943 2922 J.
960 2867 1009 2920 Fr.
1025 2865 1157 2918 Gronov.
1169 2862 1206 2915 ad
1216 2864 1266 2915 ln·

164 2946 250 3004 ,enm
264 2929 364 2987 abiret
382 2937 523 3002 atenim,
540 2933 707 3000 nouillum,
742 2937 822 2993 vium
834 2936 866 2990 1..
886 2937 912 2993 3.
930 2949 992 3005 cap.
1009 2950 1034 2987 n.
1049 2940 1078 2985 et
1095 2928 1209 2985 infinita
1225 2939 1267 2982 aa·

181 3000 485 3075 exercitulpraeesse.
502 3001 705 3061 esitantem.
741 3005 799 3074 lia3
820 3022 836 3058 a
857 3020 916 3077 quo
936 2998 1075 3078 loquendi
1090 2997 1180 3053 modo
1206 3014 1267 3051 nott

174 3065 340 3135 Philocles.
373 3072 451 3126 Vols.
478 3071 512 3130 li.
536 3070 706 3149 Phylocles.
743 3071 962 3128 abhorruerunt
982 3068 1112 3130 Graeci,
1141 3067 1192 3139 qui
1209 3082 1266 3146 pro

179 3135 261 3192 Vols.
277 3136 495 3199 B.¹Pbilocles.
740 3140 907 3195 Paeonibus
924 3137 1048 3202 aaron,
1076 3135 1265 3193 Anaadnsuo·

221 3203 259 3260 Si
309 3205 363 3264 uid
393 3207 518 3268 secundi
550 3210 704 3273 evenisset,
739 3225 873 3282 urospro
890 3204 1147 3268 Lacedaemoniis,
1176 3201 1267 3258 Ιλλυ-

180 3268 251 3343 οἱα]
268 3223 314 3330 'lb
334 3275 355 3328 ὁ·
375 3273 573 3349 intercipiente
591 3276 706 3349 upooa'·
741 3275 808 3347 pacis
823 3293 880 3350 pro
892 3272 1004 3347 Illyriis
1021 3282 1050 3353 et
1064 3272 1105 3325 sic
1114 3290 1211 3354 porro
1224 3269 1265 3322 di.

179 3344 244 3401 &aaa
261 3342 593 3419 dnavaasutaeia'ay.
618 3344 706 3403 Diod.
741 3362 826 3409 nere,
855 3341 923 3400 vide
948 3340 1132 3399 Scholiastem
1158 3339 1265 3394 Aristo·

71 3450 80 3467 .
179 3407 235 3468 lib.
256 3416 296 3472 13.
316 3412 408 3470 Gebb.
443 3418 521 3471 llaec
542 3413 578 3470 de
596 3414 706 3470 cunctis
741 3412 845 3488 phanis
864 3409 990 3464 Acharn.
1009 3409 1126 3464 vsidd.

180 3479 410 3539 Atheniensium·
435 3483 618 3542 rectoribus,
646 3499 706 3536 non
777 3483 822 3538 Ns
835 3476 1029 3537 immodestia
1040 3470 1263 3552 militum‚etc.]

170 3546 219 3630 de
231 3550 296 3602 solo
311 3498 461 3617 Philocli,
482 3548 639 3608 Diodorus
648 3560 710 3620 tra-4
740 3547 846 3677 guod,
865 3558 897 3604 ut
908 3544 1066 3621 praedixit,
1084 3543 1265 3600 factumi·

181 3613 234 3671 dat.
251 3616 371 3676 Rosius.
401 3622 446 3676 De
461 3619 515 3676 bae
531 3636 563 3673 re
578 3619 705 3675 caven.
760 3634 776 3674 e
795 3635 884 3689 supra
899 3623 926 3681 6,
947 3634 968 3669 r.
989 3631 1013 3667 2.
1035 3614 1159 3669 Rosius.

179 3683 218 3739 ad
233 3685 321 3742 Diod.
347 3688 406 3745 Sic.
426 3688 483 3754 iam
499 3689 618 3742 citatum
640 3705 704 3759 cap.
775 3679 974 3754 Nostrorum]
991 3681 1264 3737 dilemmatam-

69 3790 73 3801 .
181 3759 241 3814 105.
269 3771 406 3811 numni.
438 3755 703 3813 llicl'hilocles.a
739 3775 807 3813 rum
817 3765 955 3826 yetsnox:
973 3749 1062 3807 uestri
1073 3747 1266 3823 opprimendi

178 3819 325 3889 Lysandro
335 3822 365 3876 in
378 3827 482 3882 urbem
493 3823 643 3897 Lampsaci
654 3824 704 3878 ab·
739 3843 787 3882 en.
797 3824 904 3878 Bolius.
926 3819 1000 3889 [ax.
1013 3822 1111 3876 nostri
1120 3837 1205 3896 oppr.
1215 3835 1262 3875 er.

179 3886 294 3954 ducena
312 3890 342 3955 lu
363 3892 519 3959 ulatusell,
538 3903 568 3948 et
606 3891 703 3956 aldem,
738 3892 921 3952 neocastri,
942 3905 1026 3961 qnam
1049 3906 1115 3944 uam
1129 3897 1270 3964 praeces-¹

179 3965 213 4015 πῖ
232 3908 386 4016 Ραιιίὶιηῗω
413 3973 441 4016 et
466 3961 581 4015 Plutarc
602 3977 635 4017 us
658 3978 703 4014 re·
739 3971 832 4020 serat:
857 3905 1048 4032 aestrorum}

178 4023 296 4092 terune,
316 4046 380 4086 eum
399 4031 495 4086 tribus
514 4031 560 4085 vel
597 4040 704 4087 uatnor
771 4026 833 4089 Per
847 4018 1068 4102 speculatores]
1089 4023 1195 4080 Paullo
1209 4022 1264 4076 ali-

179 4093 310 4150 millibus
340 4116 372 4154 cs
396 4100 524 4155 rivorum
547 4050 702 4158 debentes·
737 4107 784 4155 ter
811 4095 983 4167 Xenoplson
1007 4090 1061 4151 lib.
1090 4111 1116 4148 a.
1145 4091 1266 4148 Diodo-

179 4161 263 4218 siuns.
280 4163 349 4222 side
374 4117 475 4223 banaa.
503 4164 540 4221 ad
566 4188 630 4244 cap.
644 4170 700 4226 106.
737 4183 790 4225 rus
805 4167 846 4222 sd.
867 4176 895 4218 et
910 4160 1084 4241 Polyaenus
1098 4163 1154 4218 lib.
1167 4179 1191 4214 a.
1203 4161 1263 4218 Bo·

177 4246 259 4287 num.
277 4235 320 4301 56.
340 4234 414 4291 adde
429 4236 512 4291 Xeno
535 4236 652 4294 hortem
669 4236 703 4292 L.
738 4235 810 4294 sius.

180 4306 223 4358 it.
241 4301 310 4358 illst.
326 4304 378 4362 G'r.
395 4319 462 4379 pag.
471 4252 533 4370 35AE
546 4306 605 4379 357.
625 4301 701 4381 [Ult.
739 4298 1220 4376 (pmloll'nlgumdtbeniensinm
1231 4297 1264 4352 in

178 4374 301 4434 melre,
321 4372 384 4428 sine
401 4372 471 4435 em]
738 4377 853 4429 serram
865 4367 1045 4446 praedatum
1060 4363 1176 4438 exisse]
1186 4365 1262 4421 Male

216 4438 309 4518 Juxta
327 4438 447 4512 hostes]
470 4442 548 4499 von.
566 4442 600 4499 B.
624 4439 701 4510 [Gn.
737 4435 1096 4562 Longoliuspioedetnm.
1114 4430 1263 4509 Ingauni·

178 4502 498 4582 einhamensem.
521 4512 601 4591 Quae
614 4510 704 4565 lectio
737 4526 813 4583 gum
837 4505 899 4570 (ve
927 4515 959 4559 ut
982 4507 1013 4562 in
1038 4507 1190 4573 manicat.
1209 4502 1263 4558 Ed«

178 4573 248 4632 mihi
275 4577 408 4641 arridet,
445 4577 534 4653 idque
557 4577 630 4634 nulli
650 4578 701 4635 mi·
737 4575 864 4650 vulgus)
895 4573 1133 4634 Abeuienaiumv
1149 4576 1184 4632 in
1207 4581 1261 4630 ter·

155 4650 243 4696 ‘rum
257 4643 424 4710 videbitur,
443 4664 532 4722 quum
546 4647 624 4702 inter
638 4664 700 4702 om.
735 4664 805 4706 rem
852 4646 930 4704 aedo
964 4645 1115 4700 marisca.
1136 4640 1261 4699 conada

174 4724 228 4766 ses
241 4711 310 4770 satis
326 4713 448 4785 constet,
467 4716 583 4796 quotics
603 4715 699 4773 Latini
735 4716 781 4775 Cl.
823 4731 957 4775 muana.
970 4712 1010 4770 ad
1020 4710 1146 4770 Plaaedr.
1160 4712 1260 4779 niun.

823 4880 833 4890 ι
