2624 5176
63 1219 598 1405 Connnnu
665 1219 1144 1409 Narorts

509 1561 726 1655 Ltnan

458 1793 533 1846 DE
601 1792 769 1850 Vtra

162 1961 595 2032 EXCELLENTIUM
639 1964 1054 2037 IMPERATORUM.

61 2481 156 2553 (pa.)
170 2475 592 2548 cornetumpna]comettum
625 2496 686 2536 non
709 2480 900 2555 composniffe
917 2479 968 2537 has
985 2480 1059 2536 vitas
1073 2481 1143 2539 Pro·

63 2549 160 2609 hunc,
181 2548 265 2610 cuius
278 2564 488 2619 praenomena
507 2566 536 2602 se
551 2550 591 2620 ig.
625 2549 710 2613 bum,
731 2549 795 2623 ipso
812 2568 898 2603 versu
910 2551 1070 2622 penultimo
1083 2553 1144 2615 ejus
1182 2544 1185 2559 '

62 2617 169 2668 norari
183 2615 287 2668 scribit
303 2615 463 2688 Gipbanius
477 2618 591 2699 Episto·
626 2618 648 2670 E
673 2621 849 2688 igrammatis
859 2619 983 2683 indicat,
999 2637 1057 2690 quo
1071 2623 1143 2672 Tbe-

62 2685 91 2735 la
111 2682 240 2756 quadam
262 2683 297 2736 ad
317 2688 462 2739 iiluretum
483 2686 589 2739 Lab.1.
627 2637 723 2741 niolio
742 2688 848 2758 imper.
871 2696 963 2743 totum
981 2687 1145 2758 scripturae

61 2755 147 2817 Eprse.
173 2753 274 2804 ,iliani
303 2753 419 2807 LXt¹li.
464 2754 590 2808 Tulliani
627 2773 733 2827 corpus
765 2754 890 2810 dicavit.⁴
928 2756 1006 2810 tixit
1033 2759 1144 2809 Auctor

61 2821 202 2873 aes-ieffe
223 2822 414 2893 scriptorem,
444 2821 507 2893 ipsa
530 2824 590 2890 ejus
625 2824 727 2876 barum
746 2826 870 2878 vitarum
891 2826 924 2878 T.
939 2827 1041 2894 Pomp.
1055 2825 1143 2877 Anici

59 2892 206 2942 Latinitas
227 2887 341 2942 abunde
360 2889 430 2943 sacit
446 2901 588 2944 testatum.
625 2901 773 2962 tempore,
792 2889 871 2965 quod
896 2893 959 2965 ipsa
978 2894 1143 2965 inscriptio,

61 2964 179 3010 terum
207 2956 261 3009 boc
286 2968 313 3009 et
340 2957 481 3030 quicquid
500 2958 535 3011 de
555 2974 590 3012 eo
626 2962 1143 3044 quaeqnemoitnCneoaicinjimseri·

59 3024 372 3090 nmamdignumest,
397 3030 463 3080 tiri
484 3029 589 3081 Claris·
624 3029 683 3083 bit·
711 3042 836 3100 itemque
853 3044 927 3099 qttae
947 3026 981 3080 de
998 3028 1144 3081 veteranis

58 3099 144 3151 simi,
182 3096 260 3147 aJo.
283 3096 373 3146 ilenr.
394 3096 590 3149 Boecieroin
626 3102 652 3149 in
669 3068 775 3151 ifanne
788 3102 938 3168 queritur,
964 3115 1022 3168 qno
1037 3096 1093 3147 ioci
1109 3094 1145 3148 ad

59 3183 114 3215 stro
134 3163 271 3233 exemplo
296 3181 311 3212 u
337 3178 367 3214 se
392 3161 472 3217 edito
492 3163 593 3226 citati,
624 3165 702 3217 bella
720 3166 819 3219 civilia
837 3164 971 3226 res›icit,
998 3165 1074 3215 eiure
1097 3163 1144 3215 de·

59 3229 589 3301 erudititlimepersecutisunt,nibil
625 3236 791 3287 monstrant.
838 3235 885 3286 Set
915 3233 1040 3284 Atticum
1064 3231 1145 3284 istum

57 3311 109 3352 aut
135 3310 220 3350 certe
246 3315 348 3368 parum
366 3309 394 3350 ut
422 3297 488 3351 addi
510 3317 526 3350 a
545 3315 589 3350 me
625 3319 688 3353 curu
709 3301 825 3355 Caesari
842 3311 870 3353 et
887 3300 1024 3354 Ciceroni
1040 3314 1144 3371 aequa.

59 3369 165 3440 possit.
191 3366 264 3420 tite
283 3377 376 3417 tamen
389 3365 447 3421 duo
461 3369 588 3421 testimo·
624 3369 679 3420 iem
692 3370 789 3422 viritl'e
802 3385 891 3441 nsque
907 3369 935 3419 in
948 3367 1145 3444 principatum

60 3439 108 3487 nia
127 3438 165 3488 t.
188 3434 276 3488 Gellii
294 3434 359 3486 Lib.
379 3452 416 3499 ¹7·
429 3437 512 3488 Noct.
529 3437 586 3488 au.
624 3437 744 3509 Augusti
756 3437 953 3491 sotiseonltet,
967 3436 1145 3490 sanel'roho

59 3522 124 3574 cap.
141 3523 187 3557 τι.
211 3505 335 3554 Errstins.

93 3573 238 3645 Quamvis
250 3571 297 3623 hic
311 3570 541 3641 elegantissimus
554 3569 588 3621 li-

62 3641 117 3693 ber
135 3641 300 3711 vulgariter
312 3639 474 3692 ,tonitium
490 3656 587 3710 quem-

10 3748 12 3753 .
62 3706 122 3759 timu
143 3709 276 3760 Probum
296 3716 445 3759 auctorem
472 3706 586 3778 praese-

63 3789 118 3841 rat,
141 3776 236 3828 multo
255 3776 362 3830 rectius
382 3785 476 3825 tamen
496 3777 585 3827 Corn.

66 3845 166 3917 tepori
195 3862 260 3895 enm
284 3842 407 3897 asscribi
432 3844 488 3907 jam
518 3844 587 3894 oiim

64 3912 586 3965 motinffimiintremuerunt.t’ro

66 3982 97 4032 iis
110 3983 189 4034 enim
199 3991 308 4032 estnon
316 3977 403 4031 modo
416 3980 483 4031 iios.
494 3977 585 4030 libro-

66 4068 122 4099 rum
143 4049 326 4108 auctoritas,
347 4044 397 4098 secl
413 4047 487 4099 aliae
500 4047 586 4097 etiam

67 4119 242 4186 gras-issimae
256 4117 400 4178 rationes,
421 4111 585 4185 quaednbi·

67 4196 121 4236 tare
135 4186 170 4237 «ie
186 4202 221 4235 co
235 4185 282 4237 vir
297 4186 399 4235 linunt.
437 4186 498 4235 lloc
520 4183 584 4251 qoi-

624 3504 666 3556 itti
695 3505 857 3559 nesciocui
884 3503 975 3557 tribui
995 3503 1042 3556 bic
1067 3504 1145 3556 liber

625 3589 683 3625 non
699 3584 812 3645 potest,
833 3574 881 3644 qui
897 3591 926 3627 se
941 3570 993 3625 snb
1008 3572 1144 3626 Theodo-

623 3639 661 3693 sio
675 3640 765 3704 fuitse,
778 3643 899 3713 ipsemet
913 3639 1029 3692 indicat.
1052 3645 1142 3695 Corn.

623 3719 717 3761 antem
736 3713 877 3781 Nepotem
896 3709 950 3761 boe
967 3709 1032 3789 ipso
1046 3710 1144 3761 viriss'e

622 3786 754 3849 tempore
767 3788 793 3830 et
802 3777 906 3833 Cicero
915 3777 999 3829 etobi
1008 3788 1142 3849 arguunt.

624 3844 1145 3921 Quaret'orn.Nepotireetius‹ptam

622 3916 711 3967 sitim.
721 3912 820 3965 Probo
833 3912 879 3965 hic
893 3912 969 3964 iiber
981 3911 1143 3982 assignatur.

622 3984 717 4034 Porro
737 3999 800 4032 enm
825 3997 913 4051 genus
932 3979 1070 4034 dictionis
1094 4001 1144 4054 pu-

623 4067 702 4105 rmn,
722 4060 848 4108 tersum,
868 4048 1145 4122 inaffectatmn,pla-

622 4134 716 4188 neque
731 4116 818 4168 civile
832 4118 881 4176 iit„
898 4115 1146 4189 canciitlttmqueet

620 4185 764 4263 simplex,
790 4202 849 4254 qao
873 4201 941 4237 usus
961 4186 1072 4239 Auctor
1092 4197 1145 4249 est,

68 4250 124 4303 dem
137 4254 238 4317 negari
259 4271 319 4304 non
339 4261 450 4321 potest,
471 4252 500 4301 in
514 4253 582 4303 Mss.
620 4270 679 4306 noo
693 4270 722 4304 m
737 4253 815 4306 aliod
828 4265 957 4324 tempus,
983 4270 1145 4324 quamquo

69 4322 234 4389 quibusdam
251 4321 371 4372 Arimini
390 4322 465 4370 Probi
479 4334 584 4370 nomen
621 4322 776 4374 Cornelius
799 4321 891 4374 vixit.
917 4316 1023 4372 cadere
1042 4322 1143 4392 potest.

69 4390 184 4450 cinara,
205 4387 257 4441 sed
271 4390 310 4441 ita
323 4397 429 4449 tamen,
449 4396 479 4437 ut
489 4387 583 4457 Nepu·
620 4389 719 4459 Neque
733 4389 809 4438 enim
824 4386 903 4439 alind
915 4388 944 4438 in
959 4389 1104 4440 Cicerone
1116 4399 1143 4440 et

70 4458 99 4507 tis
112 4475 215 4509 nomen
231 4453 478 4509 nonetcludatnr.
499 4454 585 4531 Quod
620 4459 760 4517 Caesare,
787 4457 835 4527 qni
856 4457 916 4518 ejus
930 4456 1031 4507 conosi
1048 4455 1142 4518 inere,

70 4526 125 4575 ticnt
144 4537 296 4577 arietarent
326 4525 419 4593 ipsum
450 4519 583 4586 ostendit,
619 4534 721 4576 notare
737 4525 814 4575 ticet.
836 4520 1142 4576 :itheociosiiartnte

70 4592 101 4642 itu
120 4596 243 4645 atterum
262 4593 471 4662 exscriptorem
491 4587 583 4644 decio·
618 4592 703 4660 plone
718 4592 773 4643 ulio
786 4592 863 4642 ratio
878 4589 989 4641 dicendi
1002 4591 1143 4655 obtinuit,

69 4674 114 4709 rar.
157 4665 228 4714 bam
260 4658 579 4729 descripiiffetantum,
612 4658 1014 4721 immitiormuitoscilieet,
1057 4670 1143 4731 atque

84 4747 150 4799 Tune.
165 4745 192 4803 I,
719 4728 745 4786 Α
