2624 5176
223 446 227 465 ι

668 501 734 513 ,.

569 539 643 583 ll*

809 676 826 713 Χ

128 787 204 830 cmv
324 860 334 879 κ
445 711 903 828 ΤΕ’8Τ1ΪοΝῙΔ.

126 971 271 1045 ridetur,
296 972 436 1048 incedit,
461 973 646 1058 producens
668 975 764 1036 nobis
783 995 846 1035 uua
860 972 945 1035 serie
959 993 1046 1040 nnnc
1058 974 1218 1059 Pausani-

125 1098 195 1152 am,
218 1077 431 1159 Lysandrum,
453 1083 651 1164 Agesilaum.
694 1085 763 1144 Neo
785 1080 918 1143 omnino
942 1079 1016 1142 lere
1037 1077 1101 1154 est,
1124 1082 1216 1166 qnod

125 1182 341 1246 demonstrare
355 1184 410 1247 hic
426 1187 567 1270 possum,
596 1186 849 1249 admonitionem
870 1186 973 1268 illam,
996 1207 1079 1271 quae
1096 1207 1214 1251 occur-

123 1291 221 1355 sitin
240 1295 340 1375 Ages.
365 1313 394 1355 c.
413 1315 441 1354 1.
454 1292 519 1354 sin.
542 1291 583 1355 ad
600 1289 796 1372 Lysandrum
811 1311 989 1365 revocans,
1011 1313 1099 1356 nunc
1110 1294 1216 1379 magis

123 1398 219 1459 etiam
234 1419 273 1460 ex
288 1420 383 1462 more
403 1401 542 1485 Nepotis
560 1396 615 1459 hic
634 1395 742 1460 rideri
757 1394 901 1481 positam.
943 1397 1036 1460 Solet
1049 1399 1139 1460 enim
1152 1420 1213 1463 no·

37 1494 39 1498 ¹
121 1501 184 1567 der
204 1505 330 1590 saepius
345 1505 399 1568 his
414 1497 586 1580 formulis,
607 1506 642 1566 de
662 1524 715 1586 quo
725 1502 814 1584 supra
829 1505 989 1562 menonem
996 1505 1143 1584 flamm
1170 1509 1211 1566 si.

48 1660 51 1665 ,
120 1631 166 1672 cut
177 1612 266 1694 supra
286 1613 440 1672 docuimus:
469 1632 509 1673 m·
522 1611 684 1691 deluimus
692 1611 799 1692 sopra,
824 1606 866 1668 in
882 1609 1032 1690 proximo
1049 1611 1209 1692 praemis·

122 1718 320 1793 samnitem,
353 1732 406 1780 aut
427 1717 536 1781 saltem
563 1717 598 1779 in
625 1730 692 1778 non
715 1715 849 1776 multum
875 1727 1031 1776 remotam
1053 1718 1212 1803 retrospi-

120 1843 215 1898 cere,
236 1825 437 1888 velutisecit
455 1826 488 1886 in
510 1827 625 1909 Epam.
642 1843 671 1886 c.
682 1833 714 1898 ts.
736 1836 770 1885 et
786 1820 820 1914 in
831 1820 964 1904 Pelop.¹
977 1840 1005 1883 c.
1019 1830 1053 1898 4.
1081 1837 1215 1887 etnnno

95 1988 102 1996 .
120 1950 250 2016 quoque
265 1931 301 1991 in
319 1929 466 2015 Agclilso
480 1929 596 1994 serrat.

159 2158 161 2163 .
202 2105 337 2167 Tertius
351 2098 413 2185 jaus
439 2104 533 2189 locus
559 2105 630 2167 sine
647 2099 874 2183 coutrorersia
887 2099 1050 2165 Thebanis
1070 2081 1210 2167 ducibus

118 2209 324 2282 debehatur,
336 2211 578 2296 Epaminondae
598 2207 836 2293 etiPelopidae.¹
878 2208 1004 2269 Horum
1025 2207 1111 2271 vitas
1133 2210 1209 2274 sine

117 2316 216 2393 dubio
246 2315 411 2380 Chronisla
433 2317 528 2379 aliter
552 2316 744 2388 ordinasset,
771 2313 837 2375 nisi
860 2298 973 2376 auctor
989 2313 1023 2374 in
1045 2313 1208 2400 Pelopida

116 2405 321 2508 apertissunis
339 2424 450 2486 verbis
469 2423 656 2496 indicasset,
679 2443 715 2484 se
731 2419 898 2506 priorem
910 2418 1047 2503 posuisse
1073 2422 1209 2505 Epami·

114 2529 265 2597 nondam.
308 2533 392 2591 Nam
413 2529 589 2614 Pelopidas
611 2552 684 2593 non.
701 2529 800 2592 modo
819 2529 924 2610 major
942 2542 1018 2597 natu
1039 2528 1103 2592 suit
1120 2532 1209 2614 Epa·

114 2635 284 2708 minonda,
306 2635 362 2695 sed
382 2648 416 2696 et
432 2636 528 2719 prior
544 2650 682 2699 mortem
706 2636 799 2701 obiit.
841 2638 885 2697 At
903 2639 1014 2719 Nepos
1031 2635 1088 2698 hic
1102 2637 1209 2700 virtu·

1 2822 3 2829 ¹
114 2757 183 2819 tum
203 2756 236 2803 ct
260 2741 386 2824 gloriae
406 2741 538 2822 majoris
563 2744 722 2804 rationem
743 2741 887 2815 habens,
921 2762 993 2804 cum
1009 2743 1206 2829 ceteroquin

112 2846 279 2908 maximam
299 2846 386 2909 ritae
400 2861 526 2931 partem
546 2850 641 2911 simul
664 2849 810 2932 egissent,
835 2848 1089 2939 Epaminondam
1111 2870 1210 2934 prae-

112 2951 229 3036 posuit.
271 2957 344 3015 Non
362 2967 432 3016 erat
447 2968 553 3019 autem
567 2957 666 3018 homo
684 2933 793 3019 noller
812 2957 857 3017 ita
873 2976 1011 3030 coecus,
1033 2971 1070 3019 ut
1086 2957 1203 3025 claris·

114 3063 193 3123 sima
211 3061 354 3125 auctoris
369 3060 470 3123 verba
484 3083 550 3124 non
567 3063 774 3136 adverteret,
798 3062 886 3149 quod
902 3061 998 3148 supra
1015 3083 1146 3148 quoque
1160 3082 1205 3129 π

113 3169 255 3230 auctoris
268 3168 380 3230 verbis
394 3183 488 3231 reete
504 3170 646 3235 ordinati
663 3167 880 3232 Athenienses
896 3168 1095 3254 Iphicrates,
1120 3169 1203 3233 cta.

112 3274 201 3350 snas
227 3288 261 3335 a
283 3254 473 3338 armonem
497 3276 676 3343 ostensum.
718 3274 787 3339 sea
807 3262 1205 3341 insinuationum

112 3381 248 3464 Nepotis
267 3402 319 3441 ars
333 3401 407 3442 eum
422 3384 527 3446 latuit.
1162 3364 1166 3373 Ι

118 3554 121 3561 ’
196 3552 271 3617 Post
294 3553 356 3618 lros
378 3578 502 3642 porro,
531 3557 585 3620 rel
608 3544 792 3640 temporum
814 3555 909 3618 etiam
934 3551 1060 3618 ratione
1078 3551 1222 3632 habita,'

48 3655 53 3661 ¹
113 3663 212 3725 credo
229 3667 382 3747 aNepote
400 3663 576 3725 collocatos
592 3663 686 3725 suisle
701 3662 841 3723 Dionem
856 3658 1085 3743 Syracusanum
1095 3659 1198 3751 etri,

111 3771 307 3832 moleontem
328 3766 551 3842 Corinthium,
573 3789 670 3854 quem
684 3782 789 3830 tamen
809 3789 848 3830 cx
866 3769 966 3833 rebus
981 3766 1078 3853 gestis
1092 3750 1200 3852 menta

1 3932 4 3939 .
112 3878 213 3961 magis
236 3877 299 3958 jam
321 3856 549 3957 Syracusanum
569 3875 690 3938 sactum
711 3873 866 3938 dicamus.
1022 3874 1025 3880 ’

192 4073 256 4139 His
274 4072 434 4161 postremo
452 4058 528 4138 loco
548 4094 660 4160 magna
675 4090 763 4153 arte,
784 4069 1093 4161 prudentillimoqne
1106 4072 1199 4139 dele·

113 4185 186 4257 ctu,
207 4187 385 4246 Eumenem
408 4183 599 4247 Cardianum
616 4182 763 4259 addidit,
785 4181 965 4255 hominem,
986 4180 1133 4264 utsupra
1146 4166 1205 4243 ‹tii-

111 4292 235 4363 ximus,
259 4308 298 4351 ex
317 4286 545 4352 semibarbaris
561 4290 756 4364 desumtnm,
777 4288 833 4373 qui
851 4282 1044 4349 olinrtnrnen
1057 4298 1199 4371 propte!

113 4400 247 4460 colonos
263 4395 475 4461 Athenienses
494 4399 528 4459 in
549 4393 780 4465 Chersonesum
795 4393 971 4468 deductos,
994 4391 1201 4477 sicutposten

112 4506 325 4579 Macedones,
346 4505 454 4566 iudea
474 4523 579 4587 pugna
597 4502 636 4563 ad
652 4494 889 4576 Chaeroneam,
910 4501 1064 4583 Philippo
1075 4497 1201 4579 summo

113 4610 311 4674 Graecorum
327 4614 527 4697 imperatore
544 4609 727 4682 declarato,
743 4608 884 4673 Graecis
900 4608 963 4691 jam
983 4603 1199 4685 accenseban-

98 4912 114 4942 Ι
