2624 5176
661 466 664 471 ⁴
677 468 681 481 h

1103 521 1107 528 v

430 759 908 886 PRAEFATIQ
1015 749 1019 759 ¹
1143 837 1202 891 m

120 948 1199 986 Μ

111 1054 209 1102 num
227 1031 492 1133 Spiciiegioffih
515 1036 555 1110 in
573 1067 669 1141 quo,
696 1041 787 1145 quid
800 1048 1200 1147 reprehendendumsi·

115 1149 158 1226 tsi
183 1155 223 1227 in
247 1157 367 1257 prime
375 1159 545 1234 editione
571 1168 1007 1263 Stnrcrianawideretur,
1035 1175 1199 1248 ostendu-

116 1296 196 1366 rat,
221 1282 390 1355 Starerio
410 1283 520 1389 bilem
539 1286 708 1364 libertate
729 1320 796 1369 suo
818 1297 999 1385 moriffet,
1025 1298 1085 1370 hic
1109 1326 1199 1371 con·

116 1402 224 1480 tinuo
246 1407 372 1508 eoepit
396 1434 476 1483 eam
496 1412 685 1489 effundere
706 1417 744 1489 in
765 1417 1086 1496 observationibus
1107 1424 1196 1499 Mis·

77 1633 84 1641 .
116 1526 293 1601 cellcneis
304 1533 434 1624 Novis,
461 1562 558 1636 qnae
573 1541 671 1640 apud
687 1532 917 1640 Belg‘ascura
930 1547 1097 1621 Dorrillii
1109 1573 1197 1648 pro·

111 1648 286 1742 diereffi),
312 1674 348 1728 et
360 1656 398 1728 in
416 1657 531 1732 altera
552 1662 713 1735 editione
731 1665 859 1757 suassss),
883 1696 977 1770 quae
997 1671 1090 1746 locis
1103 1698 1195 1744 non·

116 1774 224 1848 nullis
247 1778 428 1894 lectiones
451 1784 616 1875 exitibct,
642 1813 665 1858 a
687 1786 904 1865 lectionibus
923 1794 1056 1894 prioris
1077 1820 1195 1868 exem-

115 1897 166 1997 pli
184 1900 341 1977 direrim
351 1959 362 1995 ,
387 1933 463 1980 non
481 1907 591 1984 semel
614 1911 789 2011 impetum
806 1881 844 1988 iti
864 1916 1069 1990 doctrinam
1084 1928 1194 2017 atquc
1265 1992 1268 1997 .

115 2022 221 2096 idem
242 2030 453 2128 Heufingeri
463 2084 474 2120 ‚
500 2033 599 2131 haud
621 2035 697 2109 scio
709 2063 757 2109 an
772 2036 901 2111 frustra
911 2068 923 2129 ,·
947 2040 1124 2114 leoeffitus
1139 2023 1193 2114 ic-

117 2148 176 2221 eit.
226 2153 318 2227 Mihi
342 2173 442 2229 certe
469 2152 611 2230 videtur
637 2160 818 2233 Staverius
841 2163 1014 2239 Codicem
1035 2167 1199 2240 Letoon-i

116 2271 184 2352 tem
211 2275 314 2351 suum
341 2305 418 2354 non
452 2281 645 2382 diligenter
675 2284 761 2358 satis
795 2284 981 2359 distinxiffe
1011 2287 1148 2388 ubique
1170 2318 1192 2363 s

145 2491 255 2556 (Corn.
274 2493 435 2567 Nepotem)
457 2496 619 2555 seeundum
641 2498 829 2563 Ciceronem,
847 2497 994 2573 simplicis
1015 2501 1192 2572 naticaeoue

145 2564 310 2619 venustatis
325 2582 434 2630 causa,
452 2570 587 2622 manime
607 2568 794 2622 mirabatur:
814 2565 904 2638 htrjus
920 2568 1018 2631 dotes,
1039 2587 1104 2622 cum
1124 2590 1189 2642 pro-

143 2641 208 2704 pter
222 2632 410 2704 corruptelas
424 2637 603 2706 scriptur-ne,
621 2644 684 2690 tum
697 2643 818 2709 propter
828 2637 1054 2708 ignorationem
1070 2636 1114 2692 ret
1127 2657 1190 2694 rna·

143 2703 240 2756 teriae
256 2700 301 2755 ret
336 2705 525 2774 roprietatis,
545 2708 663 2770 minus,
682 2722 770 2776 quam
788 2723 846 2776 par
863 2713 954 2770 esset,
972 2724 991 2759 a
1007 2705 1111 2760 mritis
1125 2728 1190 2779 per·

143 2771 216 2841 cipi,
238 2776 267 2823 et
275 2721 414 2832 (iniebat,
433 2779 477 2837 et,
496 2772 687 2845 utquoridarn
697 2774 842 2827 bonorum
854 2772 1022 2829 studiorum
1031 2773 1189 2839 domnum,

142 2837 269 2893 moleste
280 2838 418 2909 ferebat:
446 2843 494 2896 cui
513 2840 705 2897 resarciendo
729 2841 816 2897 cdere
830 2842 965 2925 parabat
984 2844 1125 2914 Nepotem
1149 2843 1190 2898 ad

141 2925 332 2962 communem
348 2907 588 2983 intelligentiam
605 2910 804 2981 patefactum,
825 2918 885 2972 tta,
905 2918 937 2965 ut
951 2914 1056 2966 ceteris
1070 2911 1191 2984 quidem

140 2973 327 3030 emendandi
346 2978 620 3051 interpretandique
641 2979 815 3034 muneribus
836 2979 961 3034 breuiter
979 2979 1185 3050 satisfaceret,

139 3045 334 3116 praecipuum
350 3066 415 3101 sero
433 3056 461 3101 ct
478 3049 647 3102 maximum
665 3047 763 3102 iocum
781 3047 866 3101 daret
883 3048 1064 3102 Graecorum
1082 3051 1187 3104 Aucto·

139 3131 224 3173 rum,
243 3113 381 3184 equibus
402 3115 548 3171 historiae
569 3119 731 3171 materiem
749 3117 857 3170 sumsit
873 3118 986 3187 Nepos,
1005 3112 1080 3170 iocis
1097 3136 1205 3189 appo·x

138 3180 268 3243 nendis,
297 3182 454 3250 Herodoti,
481 3183 681 3254 Thucydidis,
707 3183 939 3266 Xenophontis,
965 3182 1102 3252 Polybii,
1123 3194 1185 3238 tunt

138 3271 206 3304 sero
226 3249 432 3319 perditorum,
462 3253 661 3324 Theopompi,
689 3253 714 3307 Ε
736 3252 820 3313 hort,
852 3250 988 3312 'i'imaei‚
1012 3252 1184 3315 Piistnrchi,

137 3327 165 3375 et
181 3323 211 3375 si
229 3320 281 3388 qui
295 3319 352 3374 aiii
365 3328 451 3379 sunt.
473 3331 505 3375 nt
520 3323 627 3375 Latini
639 3322 701 3374 riou
717 3322 806 3374 icum
824 3316 1092 3386 Graecisfontibus
1107 3337 1186 3374 corn·

135 3392 245 3460 parari
260 3398 399 3459 possent:
420 3390 575 3460 qualcsuit
589 3390 758 3444 institutum
775 3388 867 3443 Fnlrii
888 3388 988 3442 Ursini
1001 3390 1034 3442 in
1055 3387 1184 3462 Virgilio

136 3458 367 3526 comparatione
383 3459 563 3513 Graecorum
582 3458 768 3530 Scriptorum
786 3456 949 3510 iliustrato.
967 3457 1037 3530 Quis
1054 3456 1182 3512 Piistar·

135 3525 211 3578 ehus
233 3525 285 3577 illc
304 3526 357 3591 sit,
378 3545 462 3598 quem
480 3526 719 3597 iiyttenbachius
742 3535 963 3583 commemorat,
983 3527 1119 3608 ignorare
1137 3544 1182 3578 me

134 3593 251 3656 fatcor,
269 3595 631 3665 virumque'doetiiiimutn
647 3613 702 3669 pro
727 3592 899 3649 I’iisturcho
909 3627 919 3658 ,
942 3592 1107 3648 Philistum
1129 3612 1181 3645 no-

132 3664 248 3715 minare
263 3657 383 3715 voiuiffe
394 3665 534 3719 arbitror.
547 3665 629 3715 Hunc
645 3663 721 3717 coint
733 3673 760 3716 rt
771 3665 867 3732 Nepos
883 3663 943 3732 ipse
957 3659 1095 3715 laudatio
1111 3663 1181 3715 Dio-

132 3730 178 3783 nis
196 3731 265 3783 t'ita
284 3733 312 3795 3,
335 3748 359 3784 s,
380 3742 409 3784 ct
428 3734 516 3785 ceteri
533 3732 700 3804 Scriptores
720 3749 783 3784 cunt
799 3730 958 3794 historicis,
977 3729 1180 3800 eii'yttcnba-

133 3799 201 3851 chio
221 3800 406 3865 memoretis,
423 3802 600 3872 conjungere
620 3801 723 3854 soient.

101 3863 151 3933 87)
170 3870 257 3920 Toto.
278 3870 328 3922 t‘l.
343 3886 409 3940 pig.
429 3874 480 3926 513
492 3901 525 3911 -
539 3870 599 3927 538.
621 3867 683 3936 [dd
702 3885 772 3937 qum
791 3866 1011 3920 observationes
1028 3864 1182 3936 respondit

132 3936 326 4008 ileuiingcrus
337 3940 366 3991 in
379 3937 558 3993 Discussionc
575 3936 865 3990 Animadversionunt
878 3935 1059 4007 Bcigicurum
1071 3939 1100 3988 in
1116 3937 1178 3987 ione

132 4003 351 4060 emendationes
375 4017 461 4078 etque
479 4006 699 4063 observationes
725 4003 760 4056 ad
786 4005 873 4056 Corn.
892 4006 933 4057 Ne
957 4041 963 4054 .
986 4004 1177 4075 imperatores

131 4081 191 4125 tres
207 4075 342 4144 priores,
363 4074 398 4126 ab
414 4075 568 4144 Augustino
585 4093 600 4127 a
614 4076 752 4128 staveren
767 4070 888 4151 ilisceil.
905 4023 1026 4128 diseo.
1043 4073 1109 4124 crit.
1128 4071 1176 4123 od·

131 4141 289 4205 imarum,
310 4142 339 4195 in
350 4145 397 4195 Jo.
414 4144 503 4198 Goot.
520 4141 704 4196 Bidcrmonni
719 4140 839 4193 Sricrtts
854 4140 1043 4195 Scholasticis.
1057 4139 1125 4194 iot.
1138 4139 1174 4192 ΙΙ.

130 4209 201 4263 tate.
218 4211 256 4264 ΙΙ.
272 4230 299 4278 p.
311 4214 373 4265 ⁶55.
389 4218 472 4283 sqq.)
490 4214 637 4268 Stnvtrius
652 4211 660 4261 i
685 4210 711 4262 sc
728 4208 797 4259 niins
813 4207 1000 4277 in'Nepotem
1015 4208 1173 4262 observati.

131 4276 252 4332 inseruit
268 4281 410 4335 Obiervv.
428 4282 548 4336 Miscell.
563 4283 635 4333 Nor.
672 4282 737 4330 'om
755 4277 833 4329 illi.
852 4296 881 4348 p.
898 4280 959 4334 813.
978 4295 1042 4349 sqq.
1059 4275 1172 4331 Stevcr.
1261 4325 1269 4340 ,

130 4358 225 4400 autera
239 4349 327 4420 prior
344 4347 435 4401 editio
451 4351 545 4412 maior
559 4346 671 4418 prodiit
686 4343 778 4417 Lugd.
797 4345 896 4399 Bntnv.
913 4364 959 4418 ap.
979 4344 1055 4399 Sem.
1070 4343 1173 4397 Lnoirt-

128 4431 220 4470 mans.
243 4419 317 4482 1732.
337 4417 365 4470 8.
382 4435 447 4470 euin
469 4418 599 4489 integris.
622 4415 686 4470 Jani
709 4411 874 4477 Gebhardi,
893 4417 980 4468 Henr.
1002 4411 1123 4473 Ernssii,
1143 4421 1172 4465 ct

129 4484 172 4538 Jo.
189 4484 283 4538 Andr.
296 4484 393 4545 Bosii,
414 4485 584 4556 scientisque
600 4483 723 4537 oliorum
734 4483 944 4553 interpretum,
964 4492 992 4535 ct
1005 4481 1094 4552 ipsius
1109 4479 1171 4532 Sta·

128 4557 222 4614 vcrii,
238 4553 551 4607 animadversionibus.
567 4552 688 4607 Accedit
705 4550 831 4602 omnium
849 4550 1056 4604 vocabulorum
1074 4545 1168 4612 index,

129 4624 218 4676 findit·
236 4636 266 4678 et
282 4641 373 4692 opera
388 4623 413 4675 J.
431 4623 464 4676 Α.
480 4622 559 4676 Bosii
575 4620 734 4676 coniectus.
754 4620 930 4670 lircrttsetor
944 4619 1014 4670 haec
1032 4615 1122 4669 editio
1140 4616 1170 4670 in

126 4693 190 4748 Aet.
211 4690 325 4749 Erudit.
345 4708 370 4744 a.
392 4693 467 4761 1737·
486 4706 517 4765 p.
536 4691 585 4747 302
600 4720 635 4732 -
650 4690 712 4745 305.
733 4685 859 4743 Fischer.
877 4686 1012 4762 Repetite
1033 4685 1070 4738 eti
1091 4694 1167 4751 auct,
