2624 5176
193 778 264 849 οι,
428 822 434 844 ἱ
516 750 937 849 'recurrente
1298 596 1306 877 i

192 969 336 1046 σεάοιιιιως
357 987 518 1051 excoque
542 968 693 1028 contiuuo
710 965 879 1050 Philippus
894 986 967 1038 rex,
988 966 1141 1049 Amyntae
1162 965 1261 1053 illius,
1300 998 1306 1027 t

193 1087 226 1139 et
241 1074 423 1137 Alexander
437 1079 581 1158 Magnus.
622 1074 750 1137 Deinde
771 1071 913 1136 succedit
925 1092 1002 1157 gens
1019 1078 1212 1167 Epirotarum,
1226 1083 1266 1135 et
1296 1072 1306 1135 i

191 1205 231 1246 ex
249 1204 287 1245 ea
307 1203 366 1245 rex
383 1181 535 1261 Pyrrhus.
578 1179 689 1242 Postea
708 1202 787 1264 gens
808 1180 912 1252 Siculo,
936 1200 976 1242 ex
997 1200 1059 1264 quu
1073 1178 1262 1263 nohisprn·
1292 1205 1304 1249 t·

191 1289 281 1352 ducit
296 1286 476 1368 Dionysium
491 1288 645 1371 priorem.
689 1291 770 1347 'l'um
788 1286 928 1370 deniqne
943 1287 1070 1370 attingit
1092 1284 1265 1368 sepsrntim¹
1281 1292 1305 1354 l

191 1418 273 1458 nouos
293 1397 353 1456 illos
367 1396 451 1477 Reges
468 1398 570 1455 sactes
588 1414 627 1455 ex
647 1394 757 1455 amicis
775 1408 808 1456 et
822 1394 995 1477 praesectis
1005 1391 1180 1455 Alexandri
1194 1395 1264 1453 st·-
1294 1426 1306 1461 η

192 1505 272 1588 gni,⁸
299 1503 514 1587 Antigonum,
544 1501 763 1574 Demetrium,
804 1499 1036 1580 Lysimachum,
1080 1499 1259 1571 Seleucum,
1291 1526 1306 1569 ι

191 1611 420 1672 Ptolemaeum.
463 1610 505 1669 m
520 1626 603 1668 nrrnc
622 1609 782 1692 paululum
798 1608 908 1669 oculos
925 1620 1148 1669 convertamus
1163 1603 1261 1666 adse-
1291 1636 1302 1673 ι

193 1716 275 1777 niem
289 1715 518 1799 imperatorem
535 1717 750 1787 Graecorum,
772 1733 854 1795 quos
876 1711 938 1773 huc
955 1731 1057 1796 usque
1074 1732 1110 1775 se
1126 1710 1261 1795 stupam
1291 1740 1306 1782 ι

191 1823 336 1884 tractasse
352 1835 473 1883 auctor.
516 1810 582 1894 lbi,
604 1840 700 1903 quum
718 1819 848 1903 prorsus
863 1818 942 1879 nihil
957 1817 1262 1900 difficultatis-repe·
1295 1852 1306 1889 ,

193 1908 313 2002 ruitur,
343 1946 407 2011 quo
432 1926 536 1987 minus
559 1925 655 1986 simili
676 1926 800 1987 ratione
816 1938 928 1985 auctor
949 1925 1145 2008 singularum
1161 1925 1260 1986 Grue-
1291 1958 1306 1996 ρ

193 2035 262 2096 cias
276 2033 456 2105 civitatum,
479 2032 565 2093 inter
575 2050 610 2092 se
621 2044 850 2115 separatarum,
875 2031 971 2095 duces
981 2032 1176 2097 excellentes
1187 2048 1261 2114 per·
1290 2050 1306 2105 ,ῑ

193 2155 292 2224 petuo
307 2137 422 2199 ordine
439 2136 619 2223 producere
634 2137 795 2220 potuerit3
817 2138 913 2200 immo
930 2160 947 2199 a
963 2141 1261 2223 quoviscognoscs·
1289 2168 1306 2213 ι,

192 2260 265 2318 tur,
286 2244 346 2306 hae
364 2243 514 2306 methodo
533 2241 670 2304 instituta
692 2244 796 2305 minus
823 2245 992 2329 operosum
1014 2244 1260 2330 conquisitionis
1289 2270 1306 2321 t

193 2365 288 2435 atque
305 2347 510 2435 expositionis
529 2348 670 2419 lahorem
686 2349 801 2412 in'hoc
821 2371 920 2434 opere
943 2351 1084 2415 debuisse
1100 2350 1197 2413 reddi
1208 2372 1259 2412 au·
1286 2376 1306 2423 ῑ

194 2458 297 2535 ctori3
320 2454 605 2540 deprehendimus,
627 2452 694 2539 poll
711 2466 778 2517 tres
796 2457 1031 2519 Atheniensium
1046 2458 1146 2521 duces
1162 2458 1261 2539 inter·
1288 2486 1299 2527 e

192 2564 333 2647 positum
349 2564 634 2625 Lacedaemonium
651 2583 767 2637 unum,
789 2562 905 2625 deinde
929 2566 1019 2650 sequi
1039 2565 1146 2626 denuo
1164 2566 1261 2631 Atha-
1289 2596 1306 2639 e

192 2669 334 2731 diensem
350 2691 465 2743 unum,
495 2667 662 2731 etiterum
685 2666 989 2744 Lacedaemonium,
1020 2689 1086 2734 tum
1104 2686 1172 2737 tres
1186 2670 1260 2735 eon·
1280 2686 1296 2741 ‘t

194 2774 282 2835 tinuo
300 2775 528 2848 Athenienses,
552 2794 632 2858 quos
649 2795 666 2833 a
683 2770 751 2856 post
766 2772 1003 2858 insequentibus
1023 2779 1125 2839 tribus
1138 2754 1262 2841 abrum-
1290 2806 1297 2847 ι

192 2882 241 2963 pit
251 2882 378 2942 Siculus
392 2881 447 2943 seu
456 2880 670 2963 Syracusanus
684 2881 786 2942 Dion:
807 2878 997 2964 postremum
1009 2874 1149 2969 denique
1164 2887 1263 2950 Athe·
1290 2914 1306 2957 t

193 2987 334 3050 nicnl'em
361 2987 559 3052 Phocionem
584 2986 723 3049 avulsum
755 3008 772 3048 a
797 2988 1061 3071 praecedentibus
1089 2972 1266 3067 cernimus,=
1295 3030 1306 3059 ι

193 3116 257 3161 uon
274 3095 368 3157 modo
391 3095 550 3159 Thebanis
575 3091 698 3155 duobus
723 3110 794 3154 oum
819 3089 978 3176 postremo
995 3096 1260 3173 Lacedaemonio,
1294 3128 1306 3169 a

193 3200 248 3263 sed
269 3200 424 3264 Cardiano
453 3202 549 3263 etiam
572 3203 736 3274 Eumene,
768 3213 800 3261 et
814 3197 951 3262 barbaro
969 3223 1114 3287 quoque,
1148 3204 1177 3265 si
1198 3203 1265 3267 diis
1297 3180 1306 3273 i,

193 3309 483 3392 placemllatame,
507 3320 652 3390 tanquam
675 3305 877 3379 retinaculis,
899 3305 1088 3389 interjectis.
1118 3310 1266 3375 Tandem
1300 3338 1306 3377 r

194 3412 313 3477 claudis
330 3433 442 3494 agmen
467 3412 651 3474 Corinthius
670 3411 850 3474 Timoleon.
892 3415 934 3476 Et
954 3413 1040 3477 iliam
1062 3412 1267 3487 disturbatio·
1302 3444 1306 3475 ι.

194 3538 268 3587 nem
284 3532 378 3602 atque
393 3516 691 3579 interturbationem
710 3518 864 3582 Graeciae
887 3521 1049 3585 civitatum
1070 3521 1150 3584 mihi
1166 3542 1267 3587 excu-

195 3624 240 3685 set
256 3622 484 3707 chronologiae
506 3622 610 3685 ratio?
631 3624 726 3685 Nullo
742 3623 850 3687 modo.
884 3628 987 3723 Quid,
1005 3629 1091 3712 quod
1106 3650 1147 3691 ne
1164 3630 1266 3693 chro-

192 3730 321 3812 nologia
337 3730 485 3815 quidem,
508 3750 601 3815 quam
617 3730 761 3793 editores
776 3744 992 3816 praetexunt,
1003 3736 1056 3798 hic
1077 3749 1188 3799 exacte
1210 3758 1265 3799 ss-

191 3834 233 3896 tis
251 3834 388 3925 constari
424 3837 578 3920 Alioquin
604 3836 690 3898 enim
714 3837 886 3922 Pelopidas
916 3843 1131 3927 praecedere,
1167 3841 1271 3927 sequi

192 3942 427 4024 Epaminondas
447 3942 618 4018 debuisset,
642 3943 728 4029 quod
743 3960 848 4009 tarrteu
864 3946 1266 4016 clarissimaauctorisver-

191 4048 231 4111 ba
246 4049 516 4124 noundmittunt,
538 4050 593 4138 qui
612 4051 644 4112 in
659 4051 816 4137 Pelopida
835 4053 875 4117 ad
893 4034 1142 4139 Epaminondam
1159 4053 1273 4140 respui·-

191 4154 281 4221 eiens
300 4155 362 4217 ait:
382 4157 454 4240 siem
465 4159 551 4241 supra
571 4162 717 4222 docuimus·
1150 4200 1153 4205 -

214 4298 217 4303 ⁴
271 4304 333 4370 Vel
359 4306 430 4383 his,
462 4329 541 4393 quae
566 4308 718 4372 hactenns
737 4311 859 4394 prolata
880 4309 967 4383 sunt,
991 4310 1089 4373 oredo
1107 4294 1270 4394 suspicio·¹

191 4426 266 4472 nem
281 4409 387 4490 justam
402 4415 483 4477 oriri
497 4415 557 4496 jam
576 4417 695 4478 debere
712 4417 746 4477 in
761 4419 918 4492 omnibus,
941 4418 1085 4480 ordinem
1105 4417 1194 4477 illum
1209 4416 1264 4478 vi·

192 4528 294 4577 tarum
316 4539 379 4579 non
403 4520 466 4582 else
488 4520 704 4606 proiectuma
725 4525 865 4607 Nepote,
900 4525 955 4586 sed
979 4525 1046 4606 ejus
1066 4518 1263 4585 ordinationi

193 4620 296 4686 aliena
310 4646 402 4688 manu
420 4630 484 4690 rim
503 4628 565 4691 effe
582 4626 773 4706 adhibitam,
806 4630 1081 4718 turbationemque
1102 4632 1200 4693 totius
1226 4620 1263 4689 o'·
